1779 3079
420 1054 647 1103 Addentla
687 1064 733 1104 et
767 1055 1090 1103 Emendanda.

44 1225 136 1267 Pag.
161 1223 192 1257 2.
219 1222 295 1257 init.
342 1221 474 1258 Strabo
501 1223 764 1258 Dicaearchum
790 1228 961 1267 sequutus
992 1228 1064 1265 est,
1097 1222 1161 1265 qui
1187 1223 1222 1256 in
1248 1224 1320 1268 Βίῳ
1344 1221 1471 1259 Ἐλλά-

48 2082 95 2599 lllllllll

134 1266 192 1306 ὂος
222 1270 311 1303 haec
343 1269 390 1303 de
421 1270 596 1314 stirpibus
627 1278 661 1304 et
694 1271 878 1304 dialectis:
922 1267 1085 1305 Ἀττικοὶ
1115 1271 1180 1313 μέν
1210 1267 1272 1303 εἰσι
1301 1269 1350 1314 τῷ
1372 1274 1472 1316 γένει,

130 1316 210 1349 ταῖς
241 1314 277 1350 δὲ
312 1312 506 1350 διαλέκτοις
527 1314 808 1358 Ἀττικίζουσιν·
844 1312 955 1358 ὥςπερ
980 1317 1128 1356 Δωριεῖς
1150 1315 1216 1358 μὲν
1238 1314 1275 1349 οἶ
1295 1314 1366 1350 οἷπό
1393 1315 1473 1351 Δώ-

129 1374 191 1404 ρου
214 1359 260 1408 τῇ
291 1359 392 1409 φωνῇ
413 1363 645 1406 Δωρίζουσιν,
683 1361 886 1404 Αιόλίζουσι
911 1360 948 1396 δὲ
979 1361 1015 1395 οἱ
1037 1359 1107 1396 dud
1131 1359 1281 1398 Αἰόλου·
1317 1361 1473 1405 'seigam

132 1406 170 1442 δὲ
193 1406 229 1441 οἱ
250 1405 322 1442 ἀπό
339 1404 468 1443 ’Ἱωνος
490 1414 547 1442 καὶ
571 1408 716 1447 ,Ξούθου
739 1408 875 1453 φύντες.

131 1472 163 1506 3.
191 1477 263 1505 not.
289 1474 320 1505 7.
369 1470 500 1505 Strabo
516 1472 621 1506 XIV.
647 1483 683 1515 p.
700 1473 766 1506 653
791 1471 890 1515 ipsos
915 1470 1141 1513 Heraclidas,
1166 1476 1290 1514 utpote
1314 1482 1334 1505 e
1358 1471 1476 1505 Boeo-

133 1517 184 1551 tia
207 1516 402 1559 oriundos,
427 1528 553 1551 errore
572 1524 779 1563 Vteniporum
804 1518 936 1551 Aeoles
959 1517 1072 1550 fnisse
1096 1516 1302 1551 arbitratur.

132 1582 164 1616 3.
199 1581 224 1615 l.
249 1582 305 1615 21.
356 1580 436 1615 Quo
455 1582 537 1623 jure
560 1581 749 1623 Magnetes
774 1580 818 1614 ad
846 1581 1082 1614 Maeandrum
1106 1580 1276 1614 Aeolicae
1301 1581 1406 1626 stirpi
1432 1582 1477 1615 ab

131 1626 289 1668 antiquis
314 1626 593 1660 adnumerentur
628 1627 723 1668 (vid.
749 1627 900 1660 Boeckli
925 1627 969 1660 ad
997 1627 1037 1660 C.
1064 1628 1092 1660 Ι.
1127 1637 1181 1661 nr.
1207 1629 1343 1670 2910),
1378 1629 1477 1670 latet,

133 1683 243 1715 quum
268 1671 431 1706 nihil‘de
455 1683 580 1705 eorum
604 1672 760 1706 dialecto
783 1672 969 1716 cognitum
993 1673 1198 1706 habeamus.

135 1737 167 1769 7.
192 1735 215 1768 l.
243 1736 276 1769 6.
303 1735 368 1769 inf.
395 1735 464 1778 leg.
488 1736 556 1771 611
584 1747 651 1780 pro
670 1738 709 1770 6.
732 1738 786 1770 11.

135 1800 168 1832 8.
194 1797 217 1831 l.
242 1798 273 1832 9.
301 1797 365 1831 inf.
414 1797 580 1831 Addatur
608 1797 769 1831 Eustath.
807 1797 975 1831 Prooem.
1009 1796 1144 1830 Comm.
1171 1795 1280 1830 Pind.
1319 1808 1354 1841 p.
1381 1799 1413 1831 9.
1448 1797 1478 1838 §.

133 1845 189 1878 21.
223 1843 280 1877 ed.
305 1842 535 1877 Schneidew.
570 1843 615 1876 de
640 1844 825 1877 Pindaro:
869 1841 1028 1885 Αἰολίζει
1059 1841 1096 1877 δὲ
1118 1840 1164 1877 τοὶ
1188 1839 1322 1886 πολλοὶ,
1369 1841 1481 1878 εἶκαὶ

132 1887 184 1935 μή
210 1887 344 1935 ἀτριβῆ
366 1887 486 1923 δίεισιν
507 1887 672 1925 Αἰολίδα.

135 1956 168 1989 9.
194 1953 216 1987 l.
243 1956 274 1988 7.
322 1951 546 1988 Simonidem
573 1964 741 1996 quoque,
779 1964 861 1986 raro
887 1952 1038 1987 Aeolica
1061 1952 1365 1987 intermiscenlem
1390 1952 1478 1995 (vid,

134 1999 312 2035 Simonid.
337 1999 394 2033 ed.
419 1998 647 2034 Schneidew.
673 2011 709 2044 p.
736 2000 924 2043 XLVII),
948 2006 984 2034 et
1007 1998 1099 2032 alios
1123 2010 1216 2032 nunc
1240 1998 1436 2033 omisimus,

136 2065 193 2099 26.
221 2063 246 2097 l.
272 2061 303 2098 8.
330 2062 394 2096 inf.
421 2063 492 2106 leg.
520 2063 549 2105 §.
575 2061 640 2104 23,
667 2062 723 2097 10.

139 2127 196 2162 28.
221 2126 246 2160 l.
273 2126 305 2160 S.
332 2125 404 2160 del.
432 2124 625 2170 »(potius
649 2123 855 2168 ἶ’λλ“αθι).«

142 2174 245 2223 -ἰ.
272 2192 305 2224 7.
330 2188 393 2223 inf.
419 2188 491 2222 del.
518 2195 575 2223 »et
598 2185 763 2233 ἀφίξεται
787 2186 942 2223 Theocr.
969 2190 1032 2233 29,
1060 2190 1133 2224 13.‹

140 2254 197 2288 36.
222 2252 246 2285 l.
274 2253 327 2285 ll.
355 2251 425 2294 leg.
451 2244 474 2298 ᾖ
499 2258 566 2296 pro
589 2250 625 2294 ἦ.

139 2316 195 2351 43.
220 2315 245 2349 l.
270 2316 304 2350 3.
327 2309 399 2358 leg.
424 2314 453 2357 §.
480 2311 537 2349 50.
563 2325 631 2359 pro
657 2316 686 2358 §.
712 2316 767 2350 49.

143 2382 199 2415 47.
226 2380 250 2415 l.
277 2381 309 2414 8.
336 2377 434 2416 item.

142 2446 196 2480 48.
221 2444 246 2477 l.
272 2445 305 2478 9.
331 2442 403 2485 leg.
428 2439 556 2476 ὕσδος
581 2452 648 2487 pro
673 2438 811 2477 ῧσδος.

143 2508 197 2543 50.
224 2505 249 2540 l.
275 2505 329 2540 22.
357 2503 428 2547 leg.
456 2499 617 2549 »ὅρῥοὶτω
642 2515 710 2549 pro
733 2502 959 2549 στειλαμεναι
984 2512 1074 2542 eto«

143 2572 207 2613 51,
233 2571 285 2604 13.
311 2567 394 2602 add.
429 2572 485 2600 »et
511 2566 547 2599 in
571 2566 669 2602 dicto
692 2568 857 2602 Pittaceo
882 2568 1050 2605 Χαλεπὸν
1073 2567 1202 2605 ἐσθλόν
1226 2568 1390 2615 ἔμμεναι,
1414 2569 1486 2604 vid.

142 2615 318 2652 Simonid.
346 2614 404 2648 ed.
429 2610 690 2647 Schneidewin
716 2625 751 2659 p.
779 2616 821 2649 16
844 2625 967 2658 {erispa

149 2682 204 2714 57.
231 2685 304 2712 not.
330 2678 385 2713 26.
412 2676 484 2719 leg.
511 2675 539 2718 §.
565 2676 620 2710 50.
646 2687 712 2720 pro
736 2679 764 2721 ξ.
791 2679 848 2711 49.

149 2743 204 2776 58.
230 2742 254 2775 l.
280 2742 301 2775 9
327 2746 362 2773 et
386 2745 459 2772 nist.
485 2739 543 2772 32.
591 2737 711 2773 Valde
744 2749 839 2772 nnnc
864 2740 1010 2782 dubito,
1044 2752 1159 2775 annon
1198 2746 1293 2775 recte
1318 2752 1489 2775 correxe-

146 2788 216 2823 rim
247 2787 373 2821 ἴλλαθι.
405 2795 472 2829 pro
504 2781 644 2819 ἔλλαθι.
702 2784 745 2819 In
779 2785 838 2819 Et.
870 2786 966 2820 Gnd.
991 2789 1080 2831 566,
1105 2790 1159 2824 28.
1198 2788 1293 2822 enim
1331 2787 1488 2831 legitur:
