1779 3079
242 215 342 263 212
786 214 860 260 De
890 211 1152 260 vocalibus.

247 360 427 410 excepto
459 352 604 392 futuro
637 349 851 403 ὀμιώμεθα
874 349 1065 407 Lysistr.
1090 348 1194 402 183,
1226 349 1344 408 quod
1373 365 1460 392 non
1489 350 1696 393 audemus
1734 357 1742 364 ”

249 420 501 463 sollicitare.
579 417 854 461 Simillimam
894 424 1037 459 tamen
1076 417 1218 475 legem
1251 433 1428 476 eamque
1458 419 1697 461 accuratius

248 489 516 531 observatam
545 485 591 527 in
624 485 810 527 secunda
842 485 1150 527 contractionis
1180 485 1347 528 ratione
1366 501 1695 544 cognoscemus,

249 573 333 615 qua
365 572 406 597 εο
436 555 481 596 ἰιι
513 571 544 594 ω
575 561 646 595 aut
677 570 697 595 ο
727 560 928 595 mutatur.

362 622 564 664 Ceterum
593 621 803 663 nonnulla
835 621 1144 664 dubitationem
1178 620 1432 675 admittunt,
1475 629 1616 663 utrum
1646 621 1696 664 il-

247 692 321 734 lud
352 689 660 733 contractionis
700 704 840 746 genus
878 690 1057 746 agnosci
1097 697 1287 747 oporteat
1318 705 1370 730 an
1402 705 1418 730 ε
1446 697 1544 731 ante
1573 705 1695 732 voca-

245 761 310 802 les
350 759 394 800 in
438 775 453 798 ι
491 765 721 806 mutatum,
767 756 853 797 vid.
898 762 939 810 ς.
976 758 1052 811 17,
1086 758 1126 799 3.
1202 757 1325 798 Hanc
1364 757 1697 815 explicationem

245 825 530 886 praetulimus
573 824 618 865 in
651 823 824 865 Cretico
860 823 959 872 θιός
1000 833 1041 866 et
1071 825 1290 866 Laconico
1331 824 1445 875 σιός,
1493 824 1696 882 quoniam

247 911 334 938 non
365 897 510 936 minus
544 891 613 932 σιά
645 899 708 932 est
740 907 817 947 pro
846 890 942 932 θεά.

359 964 403 1011 2)
451 959 648 1002 Secunda
681 957 988 1000 contractionis
1018 959 1150 1012 ratio,
1184 975 1294 1017 quae
1324 975 1459 1017 aeque
1492 960 1699 1002 severiori

247 1030 405 1074 Doridi
436 1026 610 1086 propria
640 1033 729 1080 est,
769 1026 951 1068 maxime
984 1034 1200 1083 spectatur
1228 1026 1273 1067 in
1304 1027 1444 1069 titulis
1474 1028 1697 1070 nonnullis

247 1097 462 1148 Creticis,
509 1095 554 1136 in
586 1094 870 1152 Hierapytnio
907 1110 974 1136 nr.
1008 1094 1142 1144 2555,
1190 1094 1235 1135 in
1275 1095 1447 1137 foedere
1478 1095 1697 1138 Priausio-

246 1183 341 1208 rum
372 1174 414 1207 et
442 1162 825 1219 Hierapytniorum
856 1178 921 1203 nr.
943 1162 1080 1215 2556,
1113 1162 1159 1203 in
1191 1163 1363 1205 decreto
1386 1163 1697 1206 Allariotarum

246 1251 314 1276 nr.
337 1232 463 1276 2557.
524 1230 633 1272 Nam
668 1230 713 1271 in
744 1230 813 1272 his
846 1246 904 1279 ἑο,
937 1245 1066 1287 quum
1101 1230 1264 1287 syllaba
1294 1231 1434 1273 vocali
1465 1232 1697 1284 clauditur,

247 1303 293 1343 in
317 1319 347 1342 ω
379 1299 671 1351 contrahitur,
703 1305 923 1356 praeterea
953 1297 1000 1338 in
1032 1314 1068 1347 0,
1104 1298 1142 1339 si
1171 1298 1274 1340 licet
1302 1301 1411 1341 hanc
1442 1299 1698 1342 contractio·

246 1385 346 1411 nem
386 1367 618 1426 appellare.
695 1365 1042 1407 Consentaneum
1081 1374 1170 1419 cst,
1216 1383 1267 1407 εω
1298 1367 1343 1408 in
1372 1376 1406 1407 ’ω
1438 1368 1697 1420 coalescere,

233 1443 295 1487 ,ut
324 1452 427 1478 casu
459 1434 643 1494 quodam
673 1433 743 1474 hie
772 1433 963 1489 vulgaris
994 1433 1300 1476 contractionis
1332 1434 1437 1477 ratio
1459 1435 1698 1492 conspicia-

247 1513 333 1547 tur.
396 1503 609 1561 Exempla
649 1509 750 1544 sunt
789 1502 925 1542 hacc:
989 1500 1201 1554 ὠνωμένος
1240 1518 1316 1559 pro
1349 1501 1598 1555 ὠνουμένους
1628 1519 1696 1544 nr.

246 1572 384 1626 2556,
418 1572 494 1625 15,
547 1563 848 1625 εὐχαριστῶμὲς
877 1568 988 1609 2557
1018 1584 1095 1626 pro
1127 1568 1466 1624 εὐχαριστοῦμεν,
1519 1570 1698 1629 quibus-

244 1657 346 1684 cum
389 1653 610 1697 compares
641 1637 713 1679 Et.
746 1636 862 1680 Gud.
894 1635 1003 1686 235,
1035 1635 1084 1677 61
1131 1638 1314 1690 ἡγῶμαι·
1363 1641 1571 1693 Δωρικῶς
1613 1637 1728 1679 dne·

247 1711 321 1751 τοῦ
354 1709 554 1761 ἁγοῦμαι,
600 1706 689 1764 leg.
724 1706 883 1758 ἀγῶμαι
913 1710 968 1746 Α.
1005 1703 1044 1745 ἆ.
1077 1722 1112 1745 τ.
1145 1705 1334 1758 ἡγοῦμαι,
1395 1705 1566 1748 Deinde
1602 1724 1701 1747 κατ-

251 1775 434 1823 οικόντες
463 1773 573 1817 2555
603 1789 681 1831 pro
713 1775 1020 1824 κατοικοῦντές,
1061 1771 1199 1827 2556,
1233 1773 1286 1815 10
1316 1773 1556 1826 κρατόντες,
1589 1774 1621 1816 l.
1648 1775 1701 1817 14

249 1843 483 1893 πωλόιτας,
539 1842 570 1884 l.
604 1841 673 1884 40.
706 1841 775 1883 61.
809 1839 878 1882 69.
912 1839 967 1881 70
1007 1839 1228 1892 κοσμόνιες
1273 1839 1441 1895 (eadem
1482 1843 1616 1884 forma
1655 1842 1699 1884 in

250 1928 317 1953 nr.
348 1911 486 1964 2554,
521 1910 574 1952 10
617 1909 745 1951 nohis
786 1915 985 1964 suspecta
1015 1912 1126 1961 cst),
1172 1908 1308 1961 2557,
1344 1909 1393 1950 15
1427 1909 1698 1958 συντελόντας.

251 1978 418 2020 Eodem
448 1977 657 2018 trahimus
699 1978 889 2017 futurum
921 1974 1252 2028 πρεσβευσάντας
1292 1991 1359 2016 nr.
1392 1976 1528 2030 2557,
1559 1978 1584 2018 4
1621 1993 1700 2034 pro

250 2045 419 2102 vulgari
446 2043 608 2085 Dorico
638 2045 1020 2097 πρεσβευσοῦντας,
1050 2041 1295 2083 Boeckhius
1315 2051 1537 2085 accentum
1564 2045 1607 2086 in
1627 2061 1700 2086 an-

250 2112 533 2171 tepenultima
565 2110 819 2163 collocavit,
873 2110 974 2166 quia
1005 2109 1139 2150 forma
1169 2125 1191 2150 a
1222 2109 1392 2167 vulgari
1424 2127 1510 2153 non
1542 2112 1702 2155 discre-

252 2197 354 2238 pare
395 2179 634 2221 videbatur.
713 2177 941 2219 Postremo
985 2193 1036 2217 έω
1077 2175 1122 2217 ἰιι
1165 2194 1195 2216 ω
1240 2185 1503 2221 contractum
1545 2179 1703 2223 habent

251 2250 356 2290 llaec
386 2248 431 2288 in
462 2263 529 2288 nr.
562 2246 694 2288 2555:
743 2247 919 2298 ἕμμᾰνῶ,
961 2243 1169 2294 §dunno-(5,
1215 2247 1314 2295 ἑξῶ,
1357 2251 1598 2299 πολεμησῶ,
1630 2265 1702 2289 κα-

253 2317 507 2370 κοτεχνησῶ,
551 2315 766 2369 ἑπιτραψῶ
796 2312 1060 2362 (Bocckhius
1090 2312 1232 2354 minus
1262 2322 1376 2356 recte
1407 2314 1575 2358 Cretica
1606 2331 1702 2373 pro-

253 2384 434 2443 prietate
466 2398 550 2423 non
582 2389 804 2439 perspecta
834 2379 1043 2429 εὐνοήσω,
1078 2383 1151 2429 ἔξω
1183 2387 1260 2422 etc.
1303 2398 1399 2424 cum
1436 2382 1606 2441 vulgari
1635 2398 1702 2425 ac-

255 2458 382 2494 centu
414 2448 605 2508 scripsit)
637 2465 688 2490 ex
720 2449 918 2501 ἕμμενείυ,
951 2447 1153 2497 εὐνοησέω
1185 2456 1295 2503 etc.,
1337 2450 1492 2492 deinde
1523 2449 1706 2504 εὐορκῶ-

258 2536 322 2569 σι,
358 2518 523 2560 dativus
550 2517 759 2575 pluralis,
791 2516 864 2573 qui
896 2524 960 2557 cst
987 2532 1038 2558 cx
1069 2516 1291 2569 ειῗορκὲωσι
1322 2517 1428 2568 (vid.
1447 2517 1488 2571 ξ.
1507 2517 1578 2570 20,
1596 2519 1634 2559 2.
1654 2519 1702 2570 b)

255 2603 332 2645 pro
363 2586 602 2640 εὐυρκὲουσι
632 2592 890 2626 contractus.
924 2611 976 2615 —
1037 2584 1238 2625 Ceterum
1270 2585 1314 2626 in
1345 2580 1459 2626 ἐῶντι
1488 2601 1553 2627 nr.
1573 2586 1701 2640 2556,

259 2656 309 2696 14.
349 2670 365 2694 ε
405 2661 619 2695 servatum
659 2660 748 2701 est,
797 2652 840 2692 in
882 2652 1068 2709 optativo
1110 2651 1273 2702 ἀδικοίη
1318 2653 1348 2694 Ι.
1381 2653 1436 2695 46
1468 2669 1485 2693 ε
1514 2660 1611 2695 ante
1641 2653 1703 2696 di·

258 2722 524 2779 phthongum
557 2721 714 2763 excidit
746 2728 790 2761 ut
820 2719 991 2774 ejicitur
1024 2728 1121 2761 autc
1155 2737 1201 2760 ω.

371 2789 419 2829 lu
462 2790 646 2839 futuris,
693 2804 876 2846 quorum
915 2788 1071 2846 stirpes
1114 2802 1198 2829 non
1231 2795 1387 2831 exeunt
1415 2787 1461 2829 in
1492 2786 1701 2846 liquidas,
