1779 3079
241 222 341 273 320
739 224 811 269 De
847 223 1193 287 conjugatione.

243 362 390 405 eodem
433 361 672 418 fragmento
704 359 949 402 Boeclzhius
988 368 1102 402 recte
1149 360 1256 413 ε-ἰιτί,
1322 359 1437 417 quod
1477 368 1542 403 est
1580 359 1694 419 apud

244 428 532 481 Ilcerenium,
567 427 732 484 respuit
762 436 803 469 et
834 444 887 470 ex
917 431 973 476 εἰς
1005 429 1048 469 in
1081 427 1211 469 Obss.
1245 426 1374 469 Mise.
1407 443 1502 470 eum
1525 428 1693 471 Roenio

242 495 291 548 ἧς
324 496 498 550 clicuit3
541 513 583 553 p.
620 495 698 536 145
728 495 781 536 B.
827 512 904 552 pro
943 496 1086 554 priore
1131 497 1210 535 ἐντί
1238 495 1444 537 Hecrenii
1475 496 1520 537 in
1554 496 1689 538 Obss.

241 575 306 608 cst
345 567 451 617 ἐστι’,
498 564 677 605 alterum
719 580 813 604 eum
855 563 1011 606 vicinis
1054 564 1197 605 verbis
1230 564 1273 604 iu
1307 564 1371 605 his
1403 564 1537 606 deest.
1611 563 1693 605 Po-

243 641 400 676 stremo
446 649 487 690 p.
525 632 600 672 151
633 631 685 672 Β.
727 631 771 672 in
814 632 1052 689 fragmento
1094 631 1269 672 Philoni
1312 632 1455 674 debito
1496 632 1575 672 ἐντί
1615 647 1693 688 pro
1752 638 1761 683 3

241 703 326 742 ἐστι’
355 717 377 742 a
409 698 627 741 Boeclzhio
659 699 863 755 seriptum
899 707 978 741 cst.
1039 697 1262 756 Nusquam
1297 699 1432 757 igitur
1462 701 1541 740 ἕιτί
1573 714 1693 757 repe-

240 770 350 811 ritur
379 767 463 808 nisi
494 783 547 807 ex
571 766 775 807 Heerenii
808 766 1057 808 auctoritate
1090 764 1372 815 (rarissimam
1398 766 1570 808 Canteri
1602 765 1692 808 edi·
1748 791 1757 802 ν

240 837 399 879 tionem
432 835 557 876 nohis
589 834 804 890 inspicere
837 850 921 875 non
953 832 1126 887 licuit),
1161 850 1269 890 quae
1303 849 1430 890 quam
1460 834 1503 874 in
1527 834 1595 875 his
1625 849 1691 875 re-

238 905 319 946 bus
367 904 422 944 sit
463 903 604 955 nulla,
653 917 779 958 supra
823 900 1109 942 indicavimus
1150 901 1191 954 ξ.
1224 902 1277 953 2,
1313 901 1394 954 16,
1443 902 1692 959 quicunque

239 973 314 1014 alii
360 970 563 1012 lectionis
607 970 747 1009 sontes
793 977 992 1017 manant,
1056 969 1141 1008 ἐστι’
1182 976 1427 1009 constanter
1466 969 1688 1025 praebent.

239 1042 456 1097 Apparet,
505 1037 681 1095 egregie
726 1045 918 1078 nostrum
958 1035 1008 1076 de
1041 1036 1200 1077 formae
1233 1036 1313 1075 z-’rtt'
1342 1036 1578 1078 recentiore
1609 1036 1691 1077 ori-

241 1108 340 1165 gine
367 1106 584 1161 judicium
616 1105 718 1146 inde
751 1104 1024 1157 confirmari,
1069 1104 1186 1161 quod
1218 1119 1271 1145 ne
1301 1103 1345 1144 in
1376 1111 1492 1145 tanta
1517 1103 1688 1161 quidem

241 1175 410 1217 dialecti
456 1173 731 1230 corruptione
760 1171 947 1213 Philolai
989 1171 1240 1228 fragmentis
1285 1171 1399 1213 facili
1441 1187 1584 1213 errore
1615 1171 1689 1212 ol)—

238 1252 356 1286 trusa
379 1251 466 1296 est,
500 1249 541 1283 et
569 1241 762 1283 vicissim
793 1239 1073 1297 reliquiarum
1107 1239 1320 1296 genuinae
1346 1239 1505 1298 origini
1524 1238 1690 1297 aliquid

239 1311 445 1370 praesidii
486 1310 587 1351 hine
629 1308 777 1366 quaeri
808 1323 952 1364 posse.
1004 1334 1053 1338 —-
1113 1306 1207 1348 Jam
1255 1323 1379 1361 vero,
1432 1307 1544 1349 unde
1584 1306 1690 1347 mira

237 1381 319 1422 ista
350 1381 487 1421 forma
518 1395 539 1419 a
570 1377 752 1418 Doridis
785 1375 1110 1417 simulatoribus
1152 1375 1281 1432 petita
1313 1376 1410 1417 est‘?
1482 1374 1570 1415 Vix
1611 1373 1689 1414 tihi

237 1447 536 1506 persuaseris,
582 1452 742 1486 temere
773 1444 911 1485 fictam
945 1459 1054 1484 esse.
1118 1443 1268 1499 ltaque
1301 1443 1571 1498 suspicamur
1598 1442 1688 1498 plc-

237 1516 379 1571 hejam
418 1513 672 1556 recentioris
703 1511 883 1553 Doridis
926 1511 1239 1560 elocutionem,
1286 1511 1398 1552 sieut
1439 1511 1482 1551 in
1526 1509 1689 1550 ἀναδεί-

237 1602 371 1624 κνυνῑι
413 1591 453 1624 ct
495 1584 656 1634 βίβαντι
697 1578 807 1634 (vid.
855 1579 895 1631 ξ.
931 1579 1011 1632 38,
1049 1577 1089 1633 1)
1133 1579 1300 1620 tertiam
1344 1579 1606 1634 singularem
1646 1584 1688 1618 et

235 1652 447 1709 pluralem
481 1649 756 1701 confudisse,
805 1647 905 1688 inde
938 1646 1218 1688 Theocritum
1252 1647 1487 1704 arripuisse
1507 1677 1519 1699 ,
1548 1662 1570 1687 a
1601 1660 1687 1702 quo

236 1716 716 1775 Pseudo-Pythagorei
750 1732 867 1757 suam
890 1714 1068 1757 Doridis
1099 1715 1391 1772 cognitionem
1421 1712 1602 1755 maxima
1635 1728 1687 1754 ex

232 1796 352 1845 parte
397 1785 592 1827 hausisse
639 1783 856 1825 videntur.
937 1782 1137 1824 Ceterum
1186 1782 1300 1823 istud
1346 1783 1425 1822 ἐντί
1466 1796 1685 1839 nunquam

235 1855 350 1912 apud
372 1853 669 1901 Theocritum,
704 1852 872 1908 saepius
904 1850 1017 1908 apud
1038 1850 1334 1907 Pythagoreos
1367 1868 1386 1889 ν
1416 1851 1548 1902 «ι’ᾳελκ.
1578 1847 1684 1890 asei-

238 1923 344 1975 scit,
391 1930 435 1962 ut
469 1921 589 1962 Stoh.
625 1920 691 1961 Fl.
725 1920 772 1971 Ι,
803 1919 858 1961 (54
903 1936 943 1976 p.
980 1917 1032 1960 10
1073 1919 1103 1960 l.
1136 1918 1214 1969 54,
1261 1916 1356 1958 Ecl.
1391 1917 1437 1969 Ι,
1474 1917 1521 1969 5,
1555 1915 1609 1958 ’20
1640 1914 1684 1956 in

234 1989 361 2030 libris
396 1988 610 2029 llcercnio
642 1989 720 2027 ἐντί
749 1987 916 2028 edente.

346 2056 452 2097 Plu
468 2071 502 2096 r.
541 2056 578 2095 l.
641 2055 796 2104 ἐσμέν
835 2053 1044 2094 Doricum
1086 2052 1242 2093 dieitur
1282 2051 1332 2092 ab
1374 2049 1600 2092 Eustathio
1639 2065 1682 2107 p.

234 2124 332 2174 780,
358 2122 412 2165 36
442 2139 494 2163 ex
520 2121 750 2163 Heraclide
782 2128 823 2161 et
854 2119 897 2160 in
926 2120 1251 2161 Chelidonismo
1281 2118 1393 2175 apud
1413 2120 1684 2159 Athenaeum
1739 2128 1742 2134 “

234 2192 437 2233 traditum
478 2197 558 2231 est.
629 2189 724 2230 Hoc
756 2196 919 2229 certum
951 2196 1038 2237 est,
1085 2188 1322 2228 Dorienses
1354 2202 1441 2228 non
1474 2186 1590 2238 ἐσμέν
1621 2184 1684 2226 (li-

234 2259 378 2308 xisse,
429 2258 531 2310 sed,
578 2257 663 2298 nisi
704 2256 842 2297 omnis
881 2255 985 2296 lides
1018 2255 1107 2297 illis
1138 2254 1381 2311 abroganda
1414 2261 1502 2306 est,
1547 2253 1680 2305 ἕσμές.
1732 2296 1735 2300 ⁴

234 2328 330 2369 Hoc
358 2326 499 2384 ipsum
533 2331 598 2365 est
628 2323 671 2363 in
705 2324 873 2365 duobus
903 2323 1124 2365 Theocriti
1167 2323 1293 2364 libris
1324 2321 1393 2374 Il,
1425 2321 1504 2374 50,
1550 2336 1682 2377 quum

233 2403 275 2435 et
306 2395 375 2435 hic
410 2401 451 2434 ct
482 2392 586 2445 XV,
619 2393 686 2433 73.
720 2393 787 2434 80.
822 2392 873 2432 91
907 2392 1037 2446 vulgo
1072 2391 1175 2442 ὅίμές
1207 2391 1401 2446 legatur,
1451 2388 1492 2429 in
1523 2388 1681 2446 pejori-

232 2463 312 2503 hus
355 2459 579 2503 nonnullis
620 2459 745 2501 libris
789 2459 897 2510 ἤμές.
975 2458 1091 2499 ldein
1126 2459 1230 2509 εἰμές
1260 2457 1443 2497 traditur
1474 2456 1516 2497 in
1548 2455 1681 2497 canti-

233 2531 330 2572 lena
363 2527 577 2570 Laconica
610 2528 726 2568 Plut.
762 2527 867 2582 Lyc.
903 2542 939 2566 c.
963 2527 1043 2573 ⁶243,
1080 2525 1300 2582 Apophth.
1336 2541 1377 2581 p.
1401 2522 1508 2576 ‘2343
1540 2531 1580 2563 et
1611 2523 1680 2564 hie

234 2596 408 2654 quidem
442 2596 588 2653 procul
627 2594 756 2635 ‹luhio
788 2594 920 2638 malm
955 2593 1210 2633 semi-iorem
1233 2592 1346 2632 enim
1371 2589 1576 2631 Doridem
1610 2597 1682 2631 aut

235 2665 353 2715 δαμείς
396 2671 464 2703 aut
511 2662 605 2714 ἠμί,-
650 2662 950 2720 pronuntias-sc
980 2661 1242 2702 certissimae
1274 2657 1495 2714 analogiae
1527 2657 1681 2698 (locent

235 2732 321 2773 vid.
357 2732 396 2783 ἔξ.
431 2731 510 2784 20,
545 2731 582 2772 3.
619 2748 654 2771 a.

346 2799 494 2839 Plur.
530 2800 567 2839 3.
633 2799 740 2839 ἐιίί
769 2807 831 2840 cst
863 2798 972 2855 apud
1007 2797 1311 2855 Epicharniuni
1340 2795 1390 2835 l'r.
1418 2794 1487 2834 23.
1511 2792 1582 2833 ⁶27.
1608 2792 1675 2833 32.

1750 586 1762 631 l
