1779 3079
195 211 237 270 §.
256 211 333 260 32.
380 213 453 258 De
479 210 844 273 pronominibus
876 227 1060 273 person.
1091 221 1136 258 et
1158 227 1355 273 possess.
1406 211 1505 259 253

60 357 102 390 et
130 348 187 397 V,
222 349 274 391 18
306 352 388 389 αἵτε
422 366 492 400 μοι
522 353 631 389 ἵλαοι
660 362 737 405 pro
771 345 854 386 αἵτ’
886 347 969 398 ἐμίν
999 362 1051 387 ex
1082 345 1256 403 optimis
1286 346 1411 388 libris
1442 363 1502 387 re-

61 416 213 458 stituit.
273 416 381 457 Item
411 418 470 456 τίν
499 415 610 473 apud
641 414 920 456 Theocritum
953 414 1206 470 producitur
1234 414 1293 461 II,
1317 414 1384 456 20.
1420 414 1504 466 Ill,

57 484 127 526 33.
161 483 220 536 V,
252 485 306 526 52
336 491 447 536 etc.‚
491 498 709 539 nunquam
742 481 998 538 corrspitur,
1043 488 1086 521 ut
1118 482 1163 521 fit
1194 481 1306 537 apud
1335 481 1507 522 Alcma-

58 567 156 592 nem
186 552 239 593 fr.
274 551 326 593 15
355 551 472 603 (29),
518 558 559 590 et
600 566 622 590 a
663 548 852 589 Pindaro
893 548 1004 605 Pyth
1065 548 1111 600 l,
1143 549 1212 590 29.
1260 548 1399 602 VIII,
1432 549 1502 590 71.

57 619 184 661 Nem.
215 619 280 669 X,
314 619 368 662 30
398 616 521 671 (item
556 622 591 657 ἵν
620 617 673 657 Ρ.
707 616 788 668 IV‚
820 615 918 670 36);
951 632 1003 656 nc
1035 631 1216 673 usquam
1247 616 1360 672 apud
1391 618 1505 658 hunc

56 687 231 744 longam
263 686 472 742 syllabam
503 686 709 738 efficeret,
751 684 903 725 Isthm.
937 683 996 736 V,
1027 684 1052 724 3
1081 685 1139 723 τίν
1168 681 1208 735 7²
1243 683 1372 724 ἄωτον
1402 684 1505 725 scri-

55 761 173 810 ptum
214 761 278 795 est
317 752 525 810 particula
565 760 712 794 contra
749 752 957 793 librorum
1000 751 1295 792 auctoritatem
1327 751 1503 805 inserta,

56 821 171 879 quod
216 836 365 862 vereor
408 837 461 862 ne
505 836 591 862 nou
640 820 697 862 sit
740 828 853 862 recte
898 820 1072 860 factum.
1142 819 1336 876 Apparet
1371 819 1501 867 enim,

54 888 398 930 terminationem
439 906 475 928 ιν
513 888 626 946 apud
658 887 896 929 Dorienses
927 903 1013 928 non
1043 887 1185 927 minus
1216 887 1260 927 in
1295 887 1504 943 singulari

56 957 196 998 dativo
227 956 430 1013 ancipitis
462 972 688 998 mensurae
720 971 815 997 esse
845 971 972 1012 quam
1005 955 1047 995 in
1080 954 1269 1010 plurali,
1311 971 1450 1013 neque
1481 971 1503 996 e

54 1025 193 1066 tribus
225 1024 362 1076 locis,
394 1024 468 1064 ubi
497 1025 555 1064 τίν
585 1023 839 1080 corripitur,
882 1030 1039 1064 certam
1068 1023 1261 1078 regulam
1292 1023 1343 1063 de
1375 1039 1502 1079 pecu·

51 1093 148 1134 liari
179 1092 359 1133 Pindari
389 1108 469 1132 usu
500 1091 760 1132 constituere
790 1091 906 1132 licet.

163 1159 209 1213 4)
268 1159 651 1201 Accusativus
686 1159 1003 1216 singularis

135 1228 177 1278 a)
238 1226 398 1282 primae
429 1242 636 1283 personae

165 1295 250 1347 ἐμέ
275 1295 483 1352 Apollon.
520 1293 614 1336 106.
646 1294 683 1334 Β
729 1309 752 1334 c
797 1293 954 1351 Sophr.
990 1295 1044 1336 78
1085 1301 1126 1334 et
1165 1309 1221 1344 με
1251 1292 1501 1334 encliticam

49 1363 181 1404 Ther.
214 1362 352 1415 2448,
389 1362 507 1404 Cret.
540 1362 650 1405 2555
682 1371 761 1404 etc.

163 1431 272 1482 ἐμεί
299 1431 564 1488 Apollonius
599 1434 649 1481 ¹⁷)
680 1446 732 1471 ex
762 1429 1046 1486 Epicharmo,
1096 1428 1182 1470 vid.
1215 1429 1317 1470 infr.
1352 1429 1403 1470 ad
1436 1431 1500 1470 rel.

133 1498 177 1548 b)
237 1498 448 1539 secundae
478 1514 686 1556 personae

160 1567 214 1606 τὲ
240 1565 504 1623 Apollonius
534 1569 585 1615 ιΒ)
617 1583 669 1607 ex
699 1566 845 1608 Alcm.
881 1567 932 1608 35
966 1565 1059 1620 (69)
1093 1573 1134 1605 et
1165 1564 1353 1606 Theocr.
1389 1565 1425 1617 Ι,
1458 1565 1498 1606 5.

48 1633 167 1675 Idem
201 1649 313 1674 nunc
350 1641 464 1674 reete
504 1649 526 1674 e
559 1634 808 1675 Ravennate
850 1634 1011 1689 legitur
1041 1633 1231 1673 Acharn.
1265 1634 1347 1674 745
1385 1633 1502 1672 πάλιν

48 1700 87 1741 τ’
121 1700 284 1741 ἀποισῶ
325 1717 402 1758 pro
444 1702 612 1759 vulgari
651 1702 837 1743 lectione
866 1701 986 1741 πάλιν
1016 1699 1104 1753 w'y'
1138 1699 1324 1749 ἀποισῶ,
1374 1716 1502 1757 quam

49 1768 215 1809 invenit
245 1768 369 1809 etiam
401 1768 642 1826 Gregorius
681 1785 723 1825 p.
759 1770 868 1821 ,2113
916 1785 1010 1809 nam
1052 1767 1097 1808 τύ
1131 1768 1376 1809 eucliticum
1408 1783 1501 1824 par-

48 1836 222 1877 ticulam
254 1852 295 1888 yffi
328 1836 508 1893 respuit.
586 1836 733 1878 Minus
774 1844 887 1878 recte
918 1835 1208 1893 Apollonius,
1259 1837 1391 1877 mixta
1422 1836 1501 1877 Al·

48 1903 212 1944 cmanis
259 1904 443 1945 dialecto
485 1904 717 1961 deceptus,
766 1904 891 1945 etiam
933 1905 1111 1960 vulgare
1155 1905 1201 1943 σε’
1229 1903 1385 1944 Doridi
1425 1903 1500 1944 tri-

49 1971 145 2012 buit
178 1973 244 2022 ¹9).
307 1971 551 2013 Notabilem
589 1972 767 2014 formam
811 1971 1023 2014 Creticam
1064 1973 1169 2024 τρέ,
1216 1987 1324 2028 quae
1365 1988 1387 2012 e
1423 1972 1504 2011 rFe'

98 2158 155 2197 17)
206 2157 382 2200 Apollon.
412 2160 486 2193 106.
511 2159 555 2192 B.
606 2157 625 2203 ἦ
652 2159 719 2199 ἐμὲ
743 2157 829 2205 πρὸς
855 2161 974 2192 πασῶν
998 2160 1181 2192 διαλέκτων
1206 2159 1350 2202 λέγεται.
1399 2159 1498 2205 παρὰ

49 2214 217 2258 Δωριεῦσι
240 2212 326 2253 μετὰ
350 2218 412 2247 τοῦ
436 2215 472 2254 ἶ,
508 2216 598 2256 ἐμεῖ’,
633 2211 654 2264 ᾗ
681 2220 825 2258 συνεχῶς
847 2215 1058 2261 Ἐπίχαρμος
1079 2220 1220 2263 χρῆται.
1263 2236 1304 2241 —
1352 2214 1373 2261 ἦ
1407 2216 1499 2250 ἄπο-

48 2271 210 2315 λελυμένη
234 2269 295 2304 οὐκ
319 2271 551 2309 ἐπεκτείνεται.

104 2329 160 2370 18)
220 2329 392 2372 Apollon.
434 2332 506 2364 106.
543 2331 583 2365 C.
633 2331 773 2377 Δωριεῖς
811 2329 867 2364 διὰ
900 2334 963 2365 τοῦ
995 2332 1041 2363 f·
1091 2329 1146 2367 εἰς
1181 2331 1228 2363 τὲ
1270 2330 1499 2376 καταῤῥεῖ·

51 2385 248 2432 Θεόκριτος·
287 2385 392 2432 πρὸς
416 2388 459 2419 δὲ
483 2388 524 2420 τὲ
551 2391 631 2421 τῶν
655 2390 808 2427 φίλων·
841 2387 1003 2428 Ἀλκμάν.

99 2444 156 2485 19)
204 2443 379 2487 Apollon.
417 2443 507 2477 ibid.
557 2448 613 2478 καὶ
646 2447 695 2479 ἐτὶ
725 2445 812 2485 μετὰ
848 2449 911 2479 τοῦ
942 2452 981 2479 ῒ·
1019 2446 1084 2478 ‘isi‘
1115 2444 1198 2491 γὰρ
1230 2443 1498 2491 Ἀλεξάνδρῳ

50 2501 249 2539 δαμασαι
275 2500 412 2540 (Bekk.
440 2502 647 2546 suspicatur
673 2503 891 2550 Ἀλέξανδρος
916 2503 1150 2544 &aduocatam
1183 2503 1319 2536 rectius
1347 2503 1499 2536 forsitan

50 2557 247 2601 scripseris
273 2557 403 2596 δάμασε
431 2569 478 2591 sc.
507 2559 746 2603 Aphrodite).
808 2563 865 2594 καὶ
890 2563 939 2594 ἔτι
964 2564 1096 2597 κοινῶς·
1134 2561 1176 2593 σὲ
1209 2558 1295 2605 γὰρ
1330 2558 1497 2596 ἅζομαι,

51 2631 92 2638 -·-
141 2614 196 2648 Id.
222 2625 254 2658 p.
285 2617 358 2648 107.
387 2615 426 2649 C.
476 2614 537 2649 οὔκ
573 2617 642 2649 ἔστι
677 2617 777 2662 παρὰ
809 2621 997 2662 Δωριεῦσνν
1032 2619 1065 2650 ἐν
1100 2619 1203 2662 τρίτῳ
1239 2616 1259 2661 ἦ
1298 2618 1354 2650 διὰ
1388 2620 1450 2650 τοῦ
1477 2619 1498 2651 ἶ

49 2670 222 2709 ἐπέκτασις
248 2671 369 2711 ὁμοίως
399 2675 440 2718 τῇ
472 2674 527 2706 vi·
559 2675 615 2706 καὶ
648 2675 728 2713 ἐμεῒ.
768 2696 806 2702 ——
860 2677 915 2709 ld.
954 2687 987 2720 p.
1017 2677 1092 2709 120.
1121 2676 1160 2708 C.
1211 2673 1232 2718 ἦ
1264 2675 1335 2714 ἐμεῒ
1363 2676 1419 2708 καὶ
1449 2676 1502 2708 ‘td‘

49 2728 148 2773 παρὰ
172 2733 242 2766 τοῖς
267 2732 435 2775 Δωριεῦσι
467 2733 725 2775 προς-λαβοῦσαι
755 2732 794 2765 τὸ
828 2735 862 2771 ῒ,
899 2733 1012 2767 οὐκέτι
1049 2730 1136 2764 κατὰ
1172 2730 1212 2765 τὸ
1247 2734 1363 2777 τρίτον
1393 2745 1498 2779 προς-

53 2787 183 2827 ἔλαβον.
