1779 3079
452 143 492 202 §.
514 144 591 194 45.
656 145 729 191 De
760 143 911 191 variis
939 142 1204 206 particulis.
1458 141 1552 191 381

112 277 181 321 τὸν
213 281 475 333 στεφανῶσαι
505 282 663 321 θαλλοῦ
694 276 878 331 στεφάνῳ
909 278 938 319 i.
971 295 1008 320 e.
1044 277 1394 331 deliberare,
1437 294 1556 319 num

110 347 331 404 placeat
369 354 450 388 ete.
513 347 581 388 En
614 347 795 388 eundem
826 346 1061 402 particulae
1091 346 1118 395 ἤ
1146 362 1271 387 usum
1303 346 1347 386 in
1378 345 1558 387 interro-

112 414 284 471 gatione
314 414 521 456 indirecta
554 415 767 471 simplici,
813 413 889 470 qui
919 413 1148 470 aliquoties
1179 413 1292 471 apud
1324 414 1558 455 Homerum

110 482 287 523 relictus
327 490 418 536 est,
466 490 511 523 ut
540 482 592 524 Il.
625 482 763 534 VIII,
797 481 873 522 111
909 481 1077 535 ’Ἕκτωρ
1120 482 1268 521 εἴσεται
1310 482 1336 530 ἢ
1366 485 1435 521 καί
1465 481 1559 534 ἐμὸν

112 549 212 603 δόρυ
260 552 442 602 μαίνεται
495 549 535 590 ἐν
578 548 826 606 παλάμῃσιν.
916 547 1115 589 Ceterum
1162 564 1258 589 cum
1304 549 1476 606 Heynio
1519 556 1562 590 ct

111 616 373 659 Thierselnio
406 613 431 666 ἦ
460 616 591 658 scribi
623 616 873 669 maluerim,
920 624 965 656 ut
1002 616 1213 672 particula
1255 615 1559 675 interrogativa

110 685 162 725 ad
191 684 571 740 interrogationem
604 683 825 741 obliquam
856 684 1060 725 translata
1094 683 1163 725 sit.

223 752 266 802 3)
326 752 412 792 Pro
443 752 651 808 particula
686 751 732 791 ἄν
763 751 971 793 Doricum
1005 759 1071 793 cst
1101 769 1163 792 κα
1185 755 1216 791 2]
1251 760 1291 793 et
1322 752 1484 810 ubique
1515 755 1558 794 in

109 819 359 876 purioribus
389 819 589 878 Doridisx
614 819 806 861 fontibus
842 819 1072 877 reperitur.
1150 819 1343 861 Atticum
1387 820 1434 860 ἄν
1473 836 1559 862 non

109 894 176 928 est
213 886 298 927 nisi
345 887 389 927 in
435 887 574 929 titulis
620 887 894 939 recentibus,
956 895 1001 928 ut
1047 890 1122 935 ἕως
1161 887 1208 927 ἄν
1249 888 1384 929 Phoc.
1417 888 1470 929 73
1503 888 1558 928 R.

108 954 198 995 Vix
225 955 338 996 enim
371 963 485 996 recte
518 955 564 995 ἅν
593 971 671 1011 pro
703 954 772 994 ἐάν
811 971 833 995 a
864 954 1085 996 Boeclahio
1115 954 1305 1011 agnitum
1339 964 1405 997 est
1436 957 1477 996 in
1510 955 1562 996 ti-

108 1022 214 1063 tulis
246 1038 332 1064 non
366 1022 536 1064 infimae
567 1022 741 1075 aetatis,
774 1023 959 1079 primum
985 1022 1204 1064 Laconico
1236 1039 1302 1064 nr.
1328 1023 1454 1076 1331,
1486 1023 1560 1081 qui

110 1090 353 1148 corruptior
383 1098 424 1131 et
453 1090 690 1131 mutilatior
720 1099 811 1144 est,
863 1106 988 1147 quam
1019 1098 1067 1130 ut
1097 1091 1330 1148 quidquam
1361 1091 1462 1132 inde
1495 1092 1560 1132 in—

109 1158 308 1215 telligere
341 1157 509 1215 possis,
543 1157 700 1199 deinde
730 1158 773 1198 in
799 1158 947 1199 Aetol.
972 1157 1083 1199 2350
1112 1157 1206 1206 τοὺς
1239 1159 1455 1212 συνέδρους
1485 1175 1562 1199 κα-

109 1225 402 1274 ταδικάζοντας
431 1226 517 1273 τοῖς
546 1227 689 1273 Κείοις
718 1224 788 1265 τάν
816 1249 871 1254 —
910 1227 1081 1277 ζαμίαν,
1129 1226 1178 1279 ‹31'7
1207 1244 1259 1266 κα
1292 1225 1562 1278 δοκιμάζωντι

109 1295 275 1347 κυρίους
306 1292 437 1345 εἶμεν,
483 1293 599 1350 quod
629 1293 876 1334 Boeelzliius
908 1293 1057 1334 vertit:
1107 1293 1372 1350 synedris
1404 1302 1560 1351 pote·

112 1367 229 1402 stas
260 1368 379 1415 esto
415 1359 544 1402 Ceis
578 1361 800 1402 multam
832 1360 1226 1416 adjudicandi,
1270 1369 1559 1419 postquam

109 1429 557 1470 examinaverint
593 1429 853 1470 damnum.
912 1429 974 1470 At
1005 1445 1055 1470 eo
1086 1446 1218 1471 sensu
1250 1430 1336 1469 ἐπεί
1363 1446 1416 1469 κα
1449 1431 1562 1471 δοκι-

108 1496 286 1550 „tigrum
325 1497 459 1539 scribi
501 1497 708 1550 debebat,
753 1505 794 1538 et
823 1496 958 1539 multo
988 1497 1147 1540 melius
1176 1498 1297 1555 leges
1331 1497 1380 1550 ἅγ
1411 1514 1463 1537 κα
1496 1498 1560 1538 δο-

109 1564 332 1618 κιμάζωντι
363 1581 471 1607 eam
502 1566 748 1618 multam,
784 1581 940 1622 quam
966 1564 1177 1619 justam
1203 1564 1558 1620 judicabunt.

108 1631 334 1675 Postremo
367 1633 527 1690 Delph.
562 1631 671 1675 ’1706
701 1632 853 1685 ἔκτιμοι
884 1632 1005 1673 ἔόιιτω
1037 1636 1139 1684 μνᾶν
1168 1631 1388 1686 τριάκοιτα
1415 1631 1563 1673 Σελεύ-

109 1718 168 1753 κῳ
198 1700 425 1754 Σελεύκου,
460 1702 508 1748 ἂς
538 1701 737 1748 Σέλευκος
766 1701 890 1750 θέλῃ,
923 1700 999 1741 ubi
1028 1699 1274 1741 Boeelzhius
1308 1699 1355 1747 ἅς·
1382 1715 1461 1756 per
1493 1715 1562 1741 as-

109 1767 412 1809 similationem
443 1784 522 1826 pro
553 1767 601 1808 ἄν
632 1767 662 1808 i.
690 1783 727 1808 e.
764 1767 833 1808 ἐάν
865 1783 960 1809 esse
990 1767 1107 1818 vult,
1140 1767 1301 1808 rectius
1333 1767 1562 1824 scripseris

110 1834 160 1883 ἇς
190 1837 389 1883 Σέλευκος
416 1837 515 1885 {mn
548 1835 578 1876 i.
613 1852 650 1878 e.
686 1835 894 1877 Seleucus
925 1835 978 1876 ab
1009 1835 1063 1876 iis
1094 1835 1272 1892 triginta
1301 1834 1442 1876 minas
1474 1835 1562 1877 exi-

110 1903 243 1960 gendi
278 1903 355 1958 jus
396 1903 577 1957 habeto,
628 1904 832 1961 quamdiu
875 1903 991 1944 volet
1035 1901 1104 1951 (ἇς
1143 1918 1240 1943 eum
1283 1903 1560 1958 conjunctivo

109 1969 299 2026 Lysistr.
334 1969 453 2025 173).
515 1971 774 2028 Epicharmo
805 1972 859 2012 fr.
892 1971 947 2013 79
983 1969 1075 2013 οὐδ’
1108 1970 1155 2011 ἂν
1187 1970 1242 2018 εἷς
1269 1986 1349 2028 pro
1381 1969 1475 2011 οὐδὲ
1505 1971 1562 2019 εἷς

109 2036 253 2078 hiatus
290 2037 452 2079 vitandi
493 2054 621 2080 eausa
660 2038 864 2080 donatum
903 2054 1000 2080 esse
1039 2038 1225 2081 videtur.
1301 2038 1438 2095 Apud
1481 2038 1564 2080 So—

108 2105 318 2162 phronem
349 2106 403 2145 fr.
436 2106 492 2148 94
523 2106 569 2147 ἀί1
600 2106 629 2147 i.
665 2123 703 2148 e.
737 2106 806 2146 ἐάν
834 2123 920 2148 non
951 2113 1065 2147 recte
1096 2123 1117 2147 a
1151 2105 1286 2147 Suida
1316 2105 1454 2159 tradi,
1491 2121 1562 2147 va-

108 2170 237 2213 rietas
279 2171 487 2214 Photiana
525 2174 686 2230 prodit.
762 2175 813 2215 In
846 2174 1088 2231 Lysistrata
1125 2181 1167 2215 et
1202 2173 1562 2215 Acharnensihus

109 2238 281 2280 facilius
310 2240 561 2282 toleraveris
591 2241 787 2282 Atticum
819 2241 866 2282 ἄν
895 2241 1060 2283 Dorico
1091 2241 1280 2283 sermoni
1311 2241 1562 2295 obtrusum3

112 2306 188 2349 sed
219 2322 272 2347 ne
303 2306 373 2348 hic
405 2308 577 2365 quidem
622 2324 803 2366 usquam
838 2309 938 2364 jure
969 2309 1057 2366 legi
1086 2308 1269 2349 videtur.
1330 2307 1440 2349 Nam
1473 2307 1562 2365 Ly-

112 2373 228 2415 sistr.
265 2375 340 2416 171
387 2378 445 2415 πᾶ
476 2377 548 2415 καί
575 2392 634 2423 τις
665 2376 713 2415 ἂν
741 2378 916 2417 πείσειεν
948 2374 999 2416 αὖ
1029 2375 1082 2428 pu}
1115 2376 1313 2424 πλαδδιήν
1342 2382 1439 2432 apte
1468 2391 1561 2417 mu-

110 2441 222 2483 tabis
251 2443 296 2484 in
328 2445 386 2494 πᾷ
415 2441 468 2483 κά
496 2460 556 2491 τις
587 2442 838 2495 ἀμπείσειεν,
886 2460 926 2486 V.
962 2443 1071 2486 1080
1107 2445 1144 2483 τὶ
1184 2442 1258 2482 κᾶν
1286 2443 1393 2496 λέγοι
1424 2460 1484 2491 τις
1515 2442 1559 2484 in

158 2610 193 2651 2)
243 2611 336 2643 Arm.
364 2610 464 2643 Oxx.
490 2609 528 2649 I,
559 2610 642 2647 160,
670 2612 700 2644 l.
751 2624 782 2643 κε
816 2610 1014 2650 σι’ννδεσμοψ
1051 2609 1083 2644 οἱ
1109 2610 1249 2656 Δωριεῖς
1282 2608 1306 2654 ἢ
1329 2608 1415 2649 μετὰ
1446 2613 1510 2645 τοῦ
1538 2611 1560 2644 ι’)

113 2667 245 2708 λέγουσι
269 2665 292 2711 ἢ
315 2669 427 2712 τροπῇ
451 2669 513 2700 τοῦ
540 2667 556 2698 Ξ
581 2665 624 2702 έῖς
650 2667 683 2698 ἆ.
722 2686 763 2690 -
813 2669 989 2712 Apollon.
1020 2667 1064 2700 de
1091 2667 1172 2700 adv.
1199 2669 1276 2702 604.
1326 2666 1344 2702 ὁ
1378 2669 1410 2701 κε’
1444 2668 1558 2703 σύνδε-

112 2735 192 2764 σμος
218 2726 270 2758 κέν
293 2723 369 2758 ἐσθ’
399 2721 452 2758 ὅτε
479 2725 610 2766 λέγεται
635 2722 733 2770 παρὰ
758 2725 1021 2772 Δωριεῦσιν.
