1779 3079
517 185 593 233 Ad
628 184 841 233 Librum
876 183 1164 232 Secundum.
1465 183 1564 233 553

120 338 220 365 scue
250 329 477 380 usurpatas
505 321 637 363 multo
667 318 947 362 recentiorem
977 318 1144 368 videri,
1177 317 1246 361 cui
1276 317 1464 361 libenter
1492 317 1564 360 ad-

119 390 390 447 stipulamur.

231 479 284 486 —
343 458 373 499 l.
408 458 433 499 3
466 464 601 498 extr.
665 456 774 511 Leg.
806 457 1027 498 Italioticz‘.

180 542 183 545 ·
232 525 357 582 Pag.
392 525 445 566 14
475 531 607 565 extr.
672 523 779 578 Leg.
815 538 918 575 „nr-
951 522 1116 565 2053.“

230 592 300 633 Pa
313 610 356 650 g.
392 592 457 633 15.
518 591 759 645 Sporadum
791 589 1048 630 Doricarum
1080 590 1194 631 tituli
1227 606 1341 632 nunc
1375 591 1564 649 complu-

118 674 187 700 res
218 666 492 701 accesserunt
520 658 566 699 in
598 657 750 699 Rossii
780 657 918 698 Inser.
954 657 1029 697 Gr.
1061 658 1182 698 Ined.
1216 658 1342 699 Fasc.
1375 660 1450 700 lI:

233 729 441 769 leeraeus
470 742 535 766 nr.
562 726 672 775 198,
704 725 778 783 qui
808 725 979 782 Argcac
1011 725 1235 780 cujusdam
1267 733 1566 768 testamentum

119 794 337 836 continere
368 794 568 847 videtur,
611 793 733 834 valde
765 793 906 846 laccr3
963 799 1180 850 practerea
1221 794 1345 835 multi
1375 794 1445 836 vel
1474 794 1567 835 hrc-

116 861 287 903 vissimi
318 861 389 903 vel
417 861 693 903 recentiores.

229 930 483 982 Anaphaeus
513 945 579 969 nr.
609 928 691 971 223
721 944 955 986 paucorum
985 928 1232 977 verborum,

232 998 604 1050 Astypalaeenses:
658 1011 724 1036 nr.
751 995 832 1037 154
860 995 1106 1037 literaturae
1137 1012 1296 1053 genere
1328 997 1432 1039 satis
1462 997 1570 1039 anti·

120 1079 206 1121 quo
236 1071 278 1105 et
308 1064 385 1121 qui
417 1063 575 1105 Rossio
607 1062 759 1118 judice
798 1063 867 1105 vel
899 1063 952 1104 ad
982 1064 1178 1120 quintum
1211 1081 1249 1106 a.
1284 1065 1387 1106 Chr.
1423 1081 1569 1107 saccu-

118 1131 211 1174 lum
240 1131 455 1188 pertinere
486 1139 741 1184 censcatur3
781 1147 848 1172 nr.
879 1131 958 1172 155
990 1139 1031 1172 ct
1063 1132 1144 1173 156
1175 1133 1439 1191 antiquiores
1469 1149 1570 1191 pau·

121 1214 270 1241 corum
316 1199 570 1253 nominum3
630 1216 696 1240 nr.
733 1200 811 1241 159
853 1198 1072 1241 decretum
1115 1200 1304 1242 lacerum
1350 1201 1571 1242 literatura

121 1267 307 1324 eleganti
336 1274 576 1324 temporum
605 1266 1013 1321 Macedonicorun13
1063 1283 1129 1309 nr.
1164 1268 1258 1310 161.
1294 1269 1375 1311 163
1404 1269 1571 1311 brevio-

119 1351 207 1378 res.

234 1403 485 1457 Calynmius
504 1403 630 1446 valde
650 1404 830 1445 mutilus
851 1419 916 1444 nr.
934 1404 1015 1446 182
1035 1410 1203 1461 practer
1223 1403 1332 1446 alios
1352 1402 1572 1445 breviores

122 1478 165 1512 et
200 1471 479 1513 recentiores.
568 1471 735 1513 Eodem
772 1471 976 1514 retuleris
1013 1472 1198 1513 frustula
1228 1471 1383 1513 Dorici
1414 1469 1575 1512 decreti

122 1539 176 1580 ad
216 1539 415 1582 Iasenscs
457 1540 507 1582 C.
539 1540 575 1580 I.
620 1555 687 1580 nr.
719 1538 859 1592 2679,
906 1539 982 1597 qui
1021 1539 1170 1580 titulus
1212 1540 1364 1582 oculos
1402 1545 1574 1581 nostros

120 1608 305 1665 fugerat.

235 1677 419 1718 Coorum
451 1675 668 1718 decretum
699 1674 812 1718 haud
850 1674 961 1716 male
990 1681 1203 1717 servatum
1244 1690 1310 1716 nr.
1346 1674 1425 1716 175
1456 1688 1574 1731 prae-

122 1752 188 1785 ter
216 1743 499 1786 brevissimos
530 1744 739 1802 quosdam
768 1743 936 1785 titulos.
998 1743 1225 1784 Praeterea
1254 1742 1465 1785 nonnulla
1493 1740 1575 1782 uti-

122 1811 183 1853 lia
214 1812 504 1869 suppeditavit
539 1812 692 1853 titulus
725 1827 747 1853 c
777 1812 1070 1853 Romanorum
1103 1811 1409 1868 imperatorum
1439 1815 1574 1851 aetate

125 1878 256 1937 Corp.
290 1881 428 1921 Inser.
474 1896 540 1920 nr.
573 1879 700 1922 2508.

235 1950 404 2001 Nisyra
431 1947 576 1989 tituli:
617 1964 684 1988 nr.
720 1945 798 1989 161
831 1946 1032 2005 antiquae
1060 1947 1336 2002 literaturae3
1375 1962 1441 1987 nr.
1477 1943 1574 1997 166,

125 2015 254 2070 cujus
293 2016 425 2057 altera
462 2030 564 2072 pars
594 2015 867 2072 Nisyriorum
897 2014 1114 2057 decretum
1146 2016 1339 2057 continet
1369 2013 1575 2071 Philippo

125 2082 338 2125 Demetrii
367 2084 398 2123 f.
431 2091 640 2141 regnante
671 2083 842 2126 circiter
872 2083 945 2125 Ol.
976 2083 1056 2127 145
1096 2084 1335 2142 scriptum3
1393 2099 1459 2124 nr.
1494 2080 1575 2123 ’168

123 2150 241 2194 tituli
273 2151 550 2208 sepulcrales.

242 2220 452 2260 Teliorum
484 2219 702 2261 decretum
738 2236 804 2261 nr.
839 2220 920 2262 169
962 2219 1065 2260 inde
1105 2235 1128 2260 a
1157 2235 1222 2261 vs.
1256 2219 1281 2260 5
1311 2217 1435 2260 valde
1463 2216 1574 2259 lacc-

128 2303 222 2329 rum
242 2318 254 2340 ‚
299 2285 402 2327 satis
431 2285 596 2336 bonae,
643 2287 681 2328 si
711 2287 816 2344 quid
846 2288 1042 2330 videmus
1060 2317 1072 2340 ,
1119 2285 1284 2327 aetatis.

241 2353 314 2395 Ad
342 2354 533 2395 Rhodum
565 2355 635 2396 vel
664 2356 861 2397 homines
891 2354 1088 2395 Rhodios
1115 2360 1230 2394 recte
1260 2359 1467 2394 testarum
1498 2350 1574 2392 Ol·

128 2422 226 2464 biae
265 2428 528 2479 repertarum
569 2422 676 2474 (vid.
718 2422 946 2480 Ephemm.
988 2421 1088 2463 Jen.
1122 2422 1231 2464 1842
1272 2437 1335 2461 nr.
1371 2420 1469 2471 180)
1509 2418 1575 2459 in-

132 2490 391 2548 scriptiones
443 2490 597 2530 rcfcrri
648 2489 875 2540 videntur,
935 2504 1045 2546 quac
1088 2496 1129 2530 et
1170 2488 1356 2530 Doricae
1403 2486 1575 2528 dialecti

130 2557 399 2599 Rhodiacam
439 2556 625 2613 speciem
663 2574 764 2615 prae
801 2574 847 2600 sc
878 2558 1022 2599 ferunt
1052 2564 1094 2598 ct
1121 2556 1275 2614 partim
1306 2554 1575 2596 Rhodiacum

130 2625 233 2667 mali
262 2624 420 2666 Punici
450 2624 649 2681 insigne,
684 2633 731 2667 ut
760 2627 863 2668 n1·.1
884 2624 1153 2677 Ἀρταμητιόυ
1184 2631 1225 2665 ct
1253 2623 1412 2665 rectius
1442 2622 1576 2663 nr.12

131 2692 416 2747 Ἀρταμιτίου,
478 2708 544 2733 nr.
577 2694 604 2734 2
642 2693 1003 2748 Aafflozpckzffvk,
1064 2708 1130 2732 nr.
1163 2693 1189 2733 7
1220 2688 1572 2745 Ἀριστοκράτευς,

133 2776 198 2801 nr.
233 2762 280 2803 11
325 2759 390 2801 ἐπ’
421 2761 561 2814 ἱερέως
594 2760 867 2813 Ξυνοφάυευς.
956 2759 1050 2801 Jam
1083 2774 1185 2800 vero
1223 2759 1292 2800 his
1332 2756 1575 2799 simillimae
