1779 3079
487 183 537 230 in
572 181 868 231 universum.
938 181 981 242 §.
1022 181 1065 230 l.
1463 182 1494 230 3

55 319 265 372 Aetolos,
319 320 354 361 si
396 335 478 377 qua
516 317 622 361 fides
651 324 717 360 est
745 316 1129 375 inscriptionibus,
1158 332 1268 361 ,non
1312 316 1491 360 multum

56 402 79 428 a
106 386 264 430 Dorica
296 387 474 429 dialecto
505 385 746 441 discrepare
779 382 885 440 (vid.
918 381 957 441 ἓ.
991 381 1209 440 52—54).

164 455 218 504 2)
262 453 471 495 Strabone
518 451 740 508 repudiato
785 458 872 494 tres
913 451 1204 495 tantummodo
1245 452 1396 510 populi
1440 452 1492 495 ab

56 520 378 562 Heraclidarum
416 518 517 560 inde
556 518 696 562 reditu
737 524 779 559 et
808 518 969 560 Aeoles
1000 525 1205 559 vocantur
1244 525 1286 560 et
1313 518 1494 560 Aeolica

57 586 235 628 dialecto
264 586 334 627 usi
364 585 589 637 dicuntur,
619 584 781 626 Aeoles
811 583 994 637 Asiani,
1025 585 1204 637 Boeoti,
1235 585 1454 628 Thessali.

164 653 216 694 In
255 653 533 695 Aeolihus
573 650 812 692 Asianis
852 650 1096 692 firmissime
1143 651 1279 692 haesit
1307 652 1495 695 Aeolum

55 734 242 772 nomen,
272 719 330 760 ita
361 727 406 762 ut
434 719 553 761 nullo
584 717 668 759 alio
697 718 1026 776 appellarentur.
1088 717 1186 770 Quo
1217 734 1350 774 quum
1379 735 1496 761 acce-

56 787 174 829 deret
201 793 438 844 praeterea,
480 786 595 844 quod
633 787 785 826 horum
819 785 1025 826 dialectus
1055 800 1077 825 e
1107 784 1367 826 Lesbiorum
1395 791 1496 842 poi}-

55 859 190 894 tarum
236 853 498 895 carminibus
539 852 681 893 notior
720 859 808 894 erat
849 851 1029 905 ceteris,
1087 867 1174 892 non
1213 851 1368 893 mirum
1414 860 1494 902 cst,

56 920 281 978 antiquos,
323 921 400 961 ubi
438 921 598 962 Aeoles
638 918 948 976 Aeolicamque
989 918 1216 959 dialectum
1256 918 1497 971 nominant,

55 987 144 1028 fere
176 1003 342 1045 semper
371 987 561 1028 Asianos
590 985 753 1027 Aeoles
785 985 1044 1043 siguificare.
1107 985 1232 1027 Patet
1262 1001 1362 1027 vero
1393 987 1498 1029 haec

58 1055 426 1110 grammaticorum
455 1053 720 1095 consuetudo
752 1053 867 1103 inde,
900 1053 1015 1110 quod
1027 1052 1235 1094 Alcaeum
1265 1059 1306 1093 et
1327 1052 1499 1110 Sappho

54 1121 261 1163 Aeolicae
291 1121 460 1162 dialecti
491 1127 684 1161 auctores
715 1119 871 1160 habere
899 1120 1062 1167 solent,
1096 1126 1137 1160 et
1167 1119 1280 1176 quod
1312 1135 1419 1176 quae
1448 1136 1500 1162 ex

57 1187 132 1229 illa
172 1189 366 1242 tradunt,
417 1203 634 1244 nunquam
674 1187 763 1228 sere
794 1202 881 1227 non
912 1186 1160 1242 conspirant
1191 1202 1285 1226 cum
1316 1187 1498 1228 Lesbio-

56 1270 149 1295 rum
181 1259 397 1311 poctarum
428 1262 469 1296 et
496 1255 716 1295 titulorum
745 1253 894 1310 lingua
914 1284 926 1306 ,
961 1253 1087 1294 simul
1120 1270 1141 1293 a
1172 1253 1429 1295 Boeotorum
1459 1262 1501 1296 et

57 1321 366 1363 Thessalorum
412 1321 606 1363 dialectis
646 1320 757 1361 haud
797 1320 885 1361 levi
933 1319 1182 1360 discrimine
1229 1319 1402 1361 distant.
1444 1345 1500 1352 —

58 1387 256 1430 Boeoti
300 1405 387 1430 non
415 1389 587 1437 multis,
635 1387 712 1430 sed
755 1386 1010 1428 certissimis
1047 1386 1309 1427 testimoniis
1338 1388 1500 1430 Aeoles

57 1462 261 1497 vocantur
280 1458 350 1508 ⁷),
396 1464 438 1497 et
466 1456 704 1507 interdum,
749 1470 844 1494 raro
872 1461 1038 1504 tamen,
1087 1452 1377 1508 grammatici,
1424 1453 1499 1510 qui

55 1522 305 1581 plerumque
334 1523 580 1565 Boeotieam
619 1522 846 1562 dialectum
888 1535 964 1561 suo
1005 1518 1179 1560 nomine
1210 1518 1498 1575 distinguunt,

57 1589 238 1631 Aeolica
267 1598 444 1641 vocant,
476 1605 583 1646 quae
614 1587 852 1630 certissime
882 1593 952 1627 aut
980 1602 1134 1642 magna
1164 1600 1258 1627 cum
1285 1586 1375 1626 veri
1406 1602 1500 1642 spc-

60 1655 126 1697 cie
156 1655 359 1697 Boeotiea
388 1655 582 1697 habenda
615 1655 794 1704 su11t8).
877 1653 1230 1694 Thessaliam
1270 1652 1373 1693 olim
1410 1653 1499 1694 fere

59 1723 301 1764 universam
344 1723 529 1764 Aeolum
571 1722 731 1773 fuisse,
784 1718 975 1776 antiquis
1032 1726 1192 1760 certum
1245 1726 1358 1772 erat,
1425 1719 1499 1777 qui

59 1788 197 1845 ipsam
225 1797 375 1832 terram
400 1788 599 1830 Aeolidis
631 1803 786 1829 nomen
818 1786 1019 1828 habuisse
1050 1786 1222 1826 tradunt
1242 1784 1293 1841 9).
1356 1786 1499 1828 Etiam

60 1856 288 1909 Thessali,
333 1856 406 1914 qui
437 1872 459 1898 e
488 1854 746 1912 Thesprotia
774 1854 987 1895 irruentes
1017 1852 1205 1909 antiquis
1244 1851 1401 1892 incolis
1431 1853 1500 1895 vel

60 1923 249 1980 expulsis
279 1923 348 1965 vel
379 1921 582 1978 subjectis
610 1928 746 1962 terrae
776 1935 799 1961 a
829 1934 874 1960 se
905 1935 1059 1961 nomen
1089 1919 1309 1972 indidere,
1352 1918 1499 1961 Aeoli-

62 2051 141 2059 a—

105 2140 140 2179 7)
188 2137 357 2184 Thucyd.
384 2139 476 2182 vn,
502 2141 556 2174 57.
593 2139 638 2172 cf.
665 2138 743 2180 ΙΙΙ,
767 2139 806 2181 2;
839 2136 964 2182 steph.
992 2138 1034 2170 B.
1060 2147 1086 2170 s.
1112 2148 1144 2169 v.
1180 2133 1301 2170 Ἰωνία
1339 2144 1373 2172 et
1405 2148 1433 2174 s.
1466 2148 1499 2172 v.

58 2195 176 2230 Χαλία
201 2208 221 2229 e
243 2196 502 2241 Theopompo;
528 2196 681 2229 Pausau.
707 2196 758 2237 X,
784 2196 826 2236 83
850 2195 905 2228 Id.
932 2195 1008 2237 IX,
1035 2196 1098 2236 22,
1123 2197 1144 2229 3
1171 2194 1379 2237 Corinnam,
1405 2206 1499 2237 quae

61 2252 237 2286 Boeotica
267 2252 421 2287 dialecto
453 2264 516 2286 usa
546 2260 618 2295 est,
663 2252 839 2285 cecinisse
873 2251 986 2294 dicit,
1023 2248 1131 2284 ὁποῖα
1164 2249 1322 2295 συνήσειν
1356 2251 1501 2295 ἔμελλον

61 2306 220 2351 Αἰολεῖς;
251 2309 348 2343 Plut.
375 2310 416 2345 Q.
440 2310 569 2354 Symp.
597 2309 672 2351 VI,
699 2312 730 2343 7.
758 2320 791 2353 p.
816 2309 904 2350 694,
929 2310 985 2350 A,
1012 2307 1073 2341 ubi
1099 2308 1316 2341 Plutarchus
1340 2310 1500 2342 Boeotus

61 2362 152 2407 παρ’
185 2363 272 2409 ἡμῖν
295 2364 502 2409 Αἰολεῦσιν,-
537 2367 593 2400 Id.
629 2366 773 2400 Quaest.
801 2365 864 2399 Gr.
903 2375 939 2409 p.
964 2366 1042 2399 292.
1076 2368 1230 2398 Βοιωτοὶ
1261 2362 1502 2406 Αἰολίζοντεςς

59 2420 197 2456 Scholl.
223 2422 331 2456 Pind.
358 2424 414 2457 Ol.
442 2424 483 2466 1,
512 2425 576 2458 162
599 2430 635 2456 et
657 2422 771 2467 Pyth.
797 2422 857 2464 II,
884 2422 962 2456 127.

108 2518 143 2557 8)
190 2516 266 2550 Res
290 2519 488 2551 certissima
513 2519 548 2551 iu
573 2517 693 2552 Prisc.
720 2518 750 2551 1.
775 2530 810 2562 p.
832 2518 887 2552 35.
915 2516 988 2549 vid.
1015 2518 1044 2559 ξ.
1070 2517 1114 2551 33
1139 2522 1212 2549 not.
1238 2517 1278 2558 53
1303 2516 1374 2550 alia
1400 2517 1501 2552 vide-

65 2573 182 2607 bimus
206 2577 235 2617 ς’.
259 2576 302 2609 37
327 2583 399 2608 not.
429 2578 466 2617 l,
491 2576 519 2617 ς’.
545 2576 610 2617 40,
635 2581 708 2608 not.
733 2577 765 2608 5.
789 2576 829 2616 9,
855 2575 882 2617 §.
908 2575 969 2616 42,
997 2576 1014 2608 l
1043 2582 1110 2608 etc.

109 2675 146 2716 9)
193 2674 330 2707 Herod.
356 2674 453 2715 VII,
485 2676 560 2708 176.
604 2672 769 2708 Θεσσαλοὶ
800 2667 915 2716 ἦλθον
943 2671 983 2706 ἐκ
1017 2668 1256 2713 Θεσπρωτῶν,
1303 2668 1500 2713 οἰκήσοντες

63 2727 130 2771 τὴν
152 2728 219 2774 γῆν
239 2728 411 2773 Αἰολίδα,
435 2728 567 2776 τήνπερ
590 2728 652 2764 νῦν
675 2729 852 2765 ἐκτέαται.
887 2730 932 2763 cf.
958 2728 1073 2763 Diod.
1097 2728 1167 2770 IV,
1193 2729 1249 2762 67.
1275 2728 1321 2763 68
1342 2736 1410 2763 etc.

1179 2788 1229 2828 1*
