1779 3079
250 174 352 225 506
652 171 881 222 Addenda
912 182 959 220 et
995 172 1307 238 Corrigenda.

252 321 296 354 et
317 311 481 370 Sapph.
503 312 582 365 32,
615 310 784 353 cautius
814 310 985 352 videtur
1017 310 1193 360 ἀνθήσει
1223 310 1441 363 scrihere,
1473 319 1521 353 ut
1545 311 1712 355 monuit

253 379 388 422 Ceus.
422 379 614 421 Darmst.

366 449 491 506 Pag.
523 446 579 490 80
624 446 654 488 l.
690 446 730 488 5.
795 445 961 488 Eodem
1003 446 1185 489 traxeris
1228 446 1325 487 σ’ίϊοιι
1355 445 1519 503 Sapph.
1558 446 1623 489 17.
1658 447 1712 489 37

251 517 310 558 cf.
342 517 506 558 Athen.
540 515 602 568 ΙΙ,
635 515 703 557 57.
736 515 777 556 D
809 522 852 556 et
881 514 953 556 Et.
979 513 1040 555 M.
1074 515 1183 567 822,
1217 515 1294 564 39,
1329 513 1366 554 si
1398 513 1715 571 comparaveris

253 584 468 642 poeticam
500 584 683 626 formam
717 584 818 625 ὤεον
849 590 891 624 et
905 582 1116 639 Argivam
1141 582 1271 635 (ι’)’βεον
1294 581 1406 639 apud
1427 580 1712 638 Hesychium.

253 651 427 694 Deinde
458 668 508 694 eo
541 652 731 709 pertinet
760 651 1046 709 promontorii
1069 649 1274 692 Lesbiaci
1299 649 1461 705 duplex
1483 649 1716 707 appellatio

254 720 410 762 Mutia
442 728 485 762 et
512 721 661 762 [Παλιά
692 719 780 760 vid.
806 719 1030 776 Popponis
1058 718 1263 775 Prolegg.
1298 718 1440 758 Thue.
1474 717 1517 757 ll
1549 733 1593 774 p.
1615 717 1714 759 444.

364 807 487 863 Pag.
521 806 572 849 81
616 805 740 847 init.
824 804 1111 860 Neglcximus
1156 802 1322 855 στρόᾳω
1363 817 1715 855 commemorare,

253 882 298 916 ut
339 875 384 915 in
422 875 541 915 Ann.
577 874 692 915 Oxx.
728 873 774 925 Ι,
807 872 916 920 394,
954 871 1003 911 13
1044 870 1208 911 Acoles
1249 885 1327 926 pro
1369 871 1532 922 στρὲᾳω
1573 870 1716 911 dicere

253 943 516 985 referuntur.
597 940 684 982 Sed
726 955 860 997 quum
904 938 1145 980 Dorienses
1194 936 1364 990 στράᾳω
1410 937 1716 994 pronuntiasse

252 1010 481 1054 videantur
509 1008 597 1051 vid.
631 1008 687 1050 L.
722 1008 764 1049 lI
806 1006 962 1060 §.167
1010 1007 1137 1048 ctiam
1166 1005 1238 1047 hic
1271 1023 1290 1047 ο
1322 1021 1375 1046 cx
1407 1022 1432 1045 α
1462 1013 1609 1047 natum
1638 1021 1716 1063 pu-

253 1077 439 1132 taveris,
471 1084 518 1118 ut
547 1077 592 1118 in
626 1076 798 1130 ὅρπετον
827 1091 905 1132 pro
938 1079 1104 1127 ἔρπετον
1134 1074 1222 1116 vid.
1257 1089 1376 1130 supr.

363 1165 492 1222 Pag.
524 1164 580 1207 82
609 1164 640 1206 l.
673 1163 716 1204 6.
779 1161 829 1203 In
862 1161 1012 1203 codice
1043 1159 1253 1218 Hesychii
1285 1165 1351 1201 cst
1383 1156 1588 1213 ἀποδέον,
1624 1160 1715 1208 ὁυς-

252 1234 356 1281 οἶὸες
402 1232 590 1282 (Musur.
634 1229 893 1283 ἀπυσὸἐον),
953 1229 1081 1285 cujus
1124 1225 1371 1285 corrigendi
1415 1226 1560 1269 minus
1603 1235 1716 1269 certa

251 1300 362 1343 ratio
394 1307 475 1343 est.

365 1386 492 1444 Pag.
526 1386 580 1429 83
615 1384 647 1426 l.
680 1385 723 1428 9.
784 1382 913 1426 Nunc
946 1381 1025 1424 ἁπύ
1058 1382 1184 1426 etiam
1216 1384 1318 1425 Alc.
1339 1384 1393 1425 (54
1424 1399 1446 1426 e
1468 1382 1717 1425 Ravennate

253 1470 276 1496 a
308 1453 541 1496 Dindorfio
572 1453 762 1495 affertur.

364 1567 419 1573 —
450 1540 482 1582 l.
517 1540 585 1581 14.
647 1538 699 1579 In
733 1535 947 1594 Hesychii
974 1536 1126 1578 codiee
1166 1544 1231 1578 est
1270 1535 1568 1586 ἀπύτησιν,
1613 1534 1717 1577 ἀπό-

251 1626 369 1660 τησιν
400 1608 536 1661 (Mus.
572 1606 818 1659 α’πὺστισιν,
852 1604 1090 1658 andnam),
1131 1621 1239 1661 quae
1270 1604 1502 1663 quominus
1535 1604 1580 1646 in
1613 1602 1718 1644 ἀπύ-

252 1695 394 1727 τισιν,
457 1675 647 1718 ἀπότισιν
691 1674 960 1717 confidenter
1006 1680 1253 1725 mutemus,
1314 1673 1535 1715 literarum
1581 1671 1716 1715 series

254 1747 412 1790 obstat.

365 1815 497 1874 Pag.
532 1816 587 1858 84
617 1813 737 1856 init.
801 1811 948 1866 Quum
980 1811 1024 1852 in
1059 1810 1277 1852 secundae
1302 1807 1608 1850 declinationis
1634 1813 1716 1848 ter·

252 1884 568 1929 minationibus
601 1901 621 1925 ο
653 1881 895 1924 certissime
926 1887 1146 1931 servetur,
1191 1878 1438 1935 nuperrime
1469 1875 1716 1917 Meioehius

252 1956 425 1998 Delect.
448 1953 629 1994 Anthol.
664 1968 708 2008 p.
727 1950 811 1993 2⁸26
843 1956 884 1990 et
916 1948 1088 1989 Keilius
1119 1947 1268 1988 Anall.
1296 1945 1537 2001 Epigraph.
1570 1958 1612 1998 p.
1637 1942 1718 1983 ’118

253 2025 299 2066 ἱη
341 2022 674 2080 epigrammate,
722 2017 837 2075 quod
877 2015 1100 2072 Sapphoni
1142 2012 1403 2054 adscribitur
1444 2011 1580 2052 Anth.
1616 2008 1713 2050 Pal.

254 2090 339 2145 VI,
369 2089 453 2133 269
485 2087 627 2139 (Neue
659 2087 711 2127 fr.
747 2084 864 2137 137),
897 2083 1062 2124 codicis
1094 2082 1324 2122 lectionem
1358 2082 1434 2127 τοῖς
1467 2096 1540 2119 αυν
1571 2075 1714 2123 aiffa,

255 2160 333 2202 ille
363 2159 410 2199 in
439 2160 497 2198 τῶ
515 2156 781 2203 Σαϋλαὶὶιιδα,
814 2152 885 2193 hic
917 2151 960 2191 in
991 2152 1048 2189 ττιῖ
1068 2150 1315 2188 saiwaima
1347 2148 1402 2188 ita
1432 2147 1714 2197 refluxerunt,

253 2236 300 2270 ut
343 2229 423 2268 σαὶ]
464 2226 509 2267 in
550 2220 863 2281 compositione
904 2217 1115 2259 Lesbiacc
1157 2233 1235 2273 pro
1279 2233 1354 2257 σαο
1398 2231 1495 2257 esse
1535 2212 1712 2254 vellent.

256 2295 434 2350 Quibus
474 2309 562 2336 non
602 2290 849 2335 credimus-‚3
897 2303 992 2327 nam
1033 2286 1290 2335 τιιναΰπους,
1337 2299 1424 2341 quo
1465 2280 1716 2324 Meinekius

257 2363 534 2423 provocavit,
579 2361 631 2402 ab
664 2356 892 2401 Eustathio
935 2361 1110 2411 propter
1141 2353 1423 2394 Homericum
1464 2348 1717 2395 ταναύποδες

255 2433 402 2474 fictum
446 2437 538 2481 cst,
585 2435 632 2470 ut
670 2426 797 2469 tacite
840 2421 1181 2481 significavimus
1226 2422 1267 2473 ξ.
1306 2421 1357 2462 12
1399 2426 1490 2460 not.
1526 2417 1592 2459 15.
1664 2414 1716 2458 Si

256 2500 391 2541 altera
421 2513 474 2538 cx
505 2497 595 2539 iltis
630 2491 1006 2537 emendationibus
1036 2506 1134 2531 vera
1166 2496 1257 2540 cst,
1291 2496 1332 2528 ct
1364 2486 1585 2528 licilianae
1616 2482 1716 2541 qui-

259 2569 354 2609 dem
384 2565 524 2623 magis
558 2566 776 2613 favemus,
824 2559 1027 2602 Boeotica
1071 2557 1245 2599 nomina
1274 2555 1503 2608 Σαύμειλος
1533 2559 1575 2594 et
1604 2555 1714 2592 Σαυ-

259 2635 424 2689 nyma.-
467 2633 574 2683 (vid.
607 2633 648 2685 ξ.
682 2631 756 2682 43)
798 2643 1094 2685 comparamus
1135 2634 1175 2666 ct
1205 2622 1467 2681 diphthongi
1498 2618 1714 2662 diaeresin

260 2702 516 2745 Lesbiacam
548 2699 860 2758 agnoscimusg.
893 2711 1032 2752 neque
1068 2695 1110 2734 in
1142 2692 1347 2735 Boeotica
1379 2690 1561 2731 dialecto
1592 2687 1714 2744 plura

261 2769 518 2828 diphthongi
561 2786 611 2809 αυ
650 2784 728 2825 pro
773 2785 803 2806 ω
844 2764 1008 2822 positae
1054 2761 1249 2819 exempla
1280 2759 1569 2816 reperiuntur.
1633 2754 1714 2795 Ce-
