1779 3079
208 206 244 263 §.
274 208 352 258 32.
398 209 471 256 De
498 207 867 271 pronominibus
900 226 1083 271 person.
1111 218 1157 256 et
1182 224 1378 271 possess.
1426 207 1525 257 251

83 361 145 385 co:
177 345 263 396 ἕμιό
296 351 338 385 et
366 345 452 393 τιός
482 343 659 402 (quibus
691 342 960 384 simillimum
982 351 1048 385 est
1066 342 1389 401 Hcsychianum
1407 345 1527 397 Iv'1'0)3

27 416 29 419 ’
77 409 127 466 (l)
159 411 204 452 in
237 429 308 452 coi:
354 413 498 466 ἐμίως,
533 413 651 464 ἕμίω,
694 412 813 458 τίως’,
844 412 940 465 τίωῇ
986 413 1025 459 e)
1066 412 1111 452 in
1144 429 1197 453 w:
1243 413 1362 463 ἐμαῖς.
1422 410 1528 452 Tria

76 479 228 521 ultima
259 496 416 536 genera
446 496 498 521 ex
527 494 614 520 uno
636 478 909 531 Rhinthone‚
941 478 1010 519 cui
1043 480 1170 519 etiam
1200 481 1286 527 τιός
1307 478 1527 520 vindicare

76 563 163 589 non
197 547 374 600 dubito,
418 546 591 603 cognita
623 553 746 600 sunt3
793 546 868 587 sed
910 562 1020 603 quae
1051 562 1179 604 supra
1212 547 1527 604 disputavimus

75 613 118 667 ξ.
149 615 229 669 26,
274 615 463 672 produnt
501 630 549 655 ea
590 630 677 655 non
719 613 817 655 aliis
860 615 999 656 solum
1030 614 1244 666 naumis,
1294 615 1370 655 sed
1400 616 1527 656 etiam

74 682 323 724 Laconibus
367 689 408 723 et
452 681 736 723 Cretensibus
781 682 1023 724 communia
1070 682 1222 723 fuisse.
1312 681 1527 741 Reliquae

75 751 236 791 formae
279 765 302 790 e
349 748 596 791 Siculorum
642 749 915 807 potissimum
962 749 1144 791 dialecto
1187 749 1365 791 traditae
1410 757 1527 803 sunt,

72 833 315 875 quanquam
356 818 590 860 contractio
631 817 677 858 in
715 834 757 858 ευ
797 824 1016 875 praeterea
1054 817 1146 859 illis
1188 833 1273 859 non
1312 818 1525 875 placebat.

70 884 141 927 De
172 902 213 936 ε,
260 886 377 946 quod
407 887 452 928 in
481 888 622 935 τεοῦς,
669 889 785 935 τεοῦ,
828 888 946 936 ἑοῦς,
994 888 1065 928 ἑοῦ
1093 886 1308 928 insertum
1339 901 1435 928 esse
1465 885 1526 928 vi—

72 952 216 1003 detur,
249 955 360 996 infra
390 955 601 996 dicemus.

185 1022 230 1072 3)
290 1021 483 1065 Dativi
528 1022 847 1079 singularis
877 1022 956 1064 hae
987 1022 1150 1064 formae
1180 1020 1367 1063 Doricae
1397 1028 1524 1063 sunt:

153 1091 195 1141 a)
254 1089 299 1130 in
329 1090 467 1147 prima
496 1106 710 1148 persona:

183 1159 238 1210 ἐμ
254 1159 297 1198 lv
330 1157 412 1213 1¹),
453 1158 570 1215 quod
602 1174 719 1199 nuuc
749 1158 911 1214 legitur
937 1156 1095 1214 Epich.
1127 1157 1210 1210 94,
1242 1157 1294 1207 9,
1331 1158 1525 1200 Achai-n.

69 1225 152 1268 699
182 1232 223 1266 et
251 1241 379 1284 saepe
412 1226 525 1283 apud
554 1226 851 1268 Theocritum.

183 1294 361 1347 ἑμίνγα
392 1297 474 1344 12),
509 1310 623 1336 nune
656 1293 813 1353 Sophr.
839 1294 891 1336 53
924 1301 990 1348 et,
1023 1294 1060 1334 si
1091 1301 1206 1336 reete
1236 1294 1524 1353 suspicamur,

69 1360 116 1402 in
147 1361 318 1403 decreto
350 1363 716 1420 Amphictyonico
746 1379 812 1403 nr.
848 1362 983 1416 1688,
1014 1362 1056 1403 7.

182 1430 326 1482 ἑμίνη
389 1430 678 1473 Tarentinum
732 1446 754 1472 e
807 1430 1058 1473 Rhinthone
1101 1430 1153 1472 ab
1192 1431 1434 1489 Apollonio
1480 1448 1523 1490 p.

71 1497 167 1540 104.
198 1498 250 1538 Β.
284 1500 481 1548 affertur,
513 1499 724 1541 Doricum
756 1499 915 1540 dieitur
946 1500 1016 1540 Et.
1050 1499 1112 1541 M.
1147 1499 1254 1552 314,
1287 1500 1356 1541 42.
1419 1498 1526 1541 Chi-

68 1564 162 1608 loni
205 1566 372 1608 Laconi
414 1566 549 1625 Diog.
591 1567 647 1608 L.
691 1567 737 1621 Ι,
771 1568 824 1609 73
869 1567 1112 1614 {morafiae
1153 1567 1264 1619 ἐμιύη
1312 1569 1526 1620 στρατείαν

68 1633 382 1674 restituendum
413 1650 508 1676 esse
538 1635 735 1688 videtur,
770 1650 902 1692 quum
933 1635 978 1676 in
1008 1635 1134 1677 libris
1167 1634 1224 1676 sit
1253 1636 1338 1687 ἐμὶν
1370 1634 1526 1689 ἀστρα-

67 1701 177 1741 τείαν
208 1708 250 1743 et
277 1702 408 1757 vulgo
439 1718 461 1744 e
493 1702 743 1758 conjectura
774 1704 858 1754 ἐμὶν
886 1704 1147 1756 ἐκστρατείαν
1180 1701 1408 1744 scribatur.

180 1785 266 1820 μοι
296 1768 544 1812 encliticum
574 1778 641 1812 est
670 1771 717 1811 in
746 1771 879 1813 Ther.
913 1772 1048 1822 2448,
1081 1771 1272 1813 Acharn.
1295 1771 1393 1813 704.
1420 1770 1520 1825 738,

67 1835 224 1893 Epich.
259 1838 298 1879 3.
336 1838 389 1880 19
417 1845 499 1879 etc.

149 1904 196 1956 b)
254 1905 299 1946 in
332 1906 520 1947 secunda
550 1921 761 1964 persona:

177 1973 256 2012 τίν
288 1971 344 2028 13)
394 1972 539 2015 Alem.
583 1975 634 2017 15
678 1974 800 2027 (29),
861 1990 990 2033 saepe
1034 1976 1148 2033 apud
1194 1976 1432 2018 Pindarum
1479 1984 1522 2018 et

67 2039 362 2082 Theocritum.
451 2041 568 2083 Male
612 2042 657 2083 in
701 2042 799 2085 loco
842 2043 1099 2085 Alcmanieo
1144 2046 1215 2084 καί
1257 2062 1316 2085 τιν
1362 2044 1518 2099 editur,

68 2107 192 2163 quasi
213 2109 411 2151 enelitiea
433 2117 570 2165 esset3
601 2118 715 2152 reete
736 2110 852 2152 enim
875 2111 1062 2154 Theoer.
1078 2111 1208 2166 XXI,
1226 2113 1283 2155 28
1311 2113 1424 2154 ποιεῖ
1438 2130 1518 2166 τιν,

68 2174 184 2233 quod
215 2175 318 2216 oliui
350 2193 402 2218 ex
432 2177 730 2220 emendatione
759 2179 1000 2237 leg-ebatur,
1031 2196 1146 2221 nunc
1176 2181 1402 2238 explosum
1435 2186 1516 2221 est.

177 2243 292 2293 τίνη
325 2243 660 2287 Tarentinorum
693 2262 787 2288 esse
819 2247 978 2288 dicitur
1007 2247 1058 2289 ab
1080 2248 1321 2305 Apollonio
1349 2265 1393 2306 p.
1419 2248 1516 2289 104.

69 2309 104 2352 C
137 2318 179 2352 et
208 2311 521 2354 restituendum
551 2313 720 2356 videtur
750 2315 795 2356 in
826 2315 1045 2373 Archytae
1076 2316 1306 2358 Tarentini
1336 2315 1518 2373 epistola

112 2508 171 2547 ll)
219 2506 346 2550 Apoll.
378 2508 452 2540 104.
480 2507 529 2549 B,
566 2508 732 2542 Eustam.
765 2510 852 2551 839,
889 2510 954 2551 34,
1002 2509 1143 2543 Scholl.
1180 2510 1293 2544 Arist.
1332 2510 1401 2545 Λν.
1436 2512 1516 2551 931,

66 2563 159 2595 Anu.
184 2564 284 2596 Oxx.
312 2563 350 2605 Ι,
376 2565 461 2604 285,
488 2566 518 2598 5.

113 2621 171 2663 12)
221 2620 395 2665 Apollon.
427 2623 503 2656 104.
532 2622 575 2655 B.
636 2622 849 2657 Tarentinis
887 2624 1097 2667 assignatur
1135 2627 1170 2659 in
1209 2626 1304 2660 Ann.
1343 2627 1445 2660 Oxx.
1484 2627 1514 2669 Ι,

66 2679 152 2719 285,
180 2680 222 2720 5,
250 2678 310 2712 ubi
340 2690 418 2712 cum
446 2680 538 2724 ἐμίνη
563 2681 751 2714 confusum
780 2681 938 2715 videtur.

114 2737 170 2777 13)
218 2737 343 2780 Apoll.
372 2739 448 2771 105.
475 2738 528 2779 B,
556 2737 611 2770 Id.
636 2737 683 2772 de
707 2745 805 2783 synt.
834 2741 916 2778 159,
942 2740 1006 2778 20,
1032 2741 1126 2774 Anu.
1155 2741 1254 2774 Oxx.
1282 2741 1321 2783 1,
1348 2743 1429 2785 409,
1454 2744 1512 2784 32,

68 2792 205 2826 Scholl.
237 2794 348 2828 Pind.
376 2795 436 2830 Ol.
462 2795 565 2837 XII,
591 2797 621 2830 4,
