1818 3108
243 199 359 249 VIII

243 350 325 378 nus
365 341 531 377 nostras
568 334 721 377 incidit
748 332 1092 391 Petropolitanae
1120 330 1375 373 Academiae
1417 331 1676 389 provocati0,

244 443 329 485 qua
357 427 546 469 omnium
582 434 788 467 terrarum
816 424 930 466 docti
958 423 1037 464 viri
1067 422 1194 465 exciti
1233 429 1356 477 sunt,
1406 429 1453 464 ut
1479 422 1607 480 pleno
1637 430 1680 465 et

244 520 441 562 absoluto
471 517 727 560 Graecarum
758 516 1032 558 dialectorum
1061 529 1236 572 corpore
1266 515 1459 557 confecto
1488 522 1530 556 et
1571 513 1678 556 anti-

245 611 474 670 quissimae
505 609 691 651 Graecae
720 608 894 665 linguae
922 605 1084 647 ratione
1114 604 1213 645 inde
1240 605 1450 647 illustrata
1479 605 1532 646 de
1559 620 1679 662 prae-

245 702 331 744 mio
375 700 539 758 insigni
578 697 868 740 munificentia
906 696 1124 754 proposito
1164 702 1386 737 certarent.
1475 694 1680 748 Quaestio

244 795 461 853 proposita
507 794 564 835 ita
605 799 847 834 nostrorum
886 789 1121 830 studiorum
1166 786 1319 828 rationi
1358 786 1580 836 convenit,
1633 792 1683 828 ut

244 886 381 944 primo
418 885 761 927 infelicissimum
799 899 943 924 casum
972 896 1313 933 exsecraremur,
1358 895 1444 937 quo
1479 886 1577 938 post
1604 894 1682 921 an·-

245 994 347 1019 num
372 978 539 1019 demum
556 984 750 1018 exactum
768 974 1010 1034 provocatio
1030 974 1104 1015 illa
1129 973 1174 1014 in
1199 972 1472 1014 solitudinem
1493 978 1681 1012 nostram

247 1070 483 1113 silvestrem
522 1069 684 1126 perlata
713 1075 803 1121 est,
846 1067 1005 1124 quippe
1034 1065 1136 1123 qui,
1182 1081 1312 1122 quum
1351 1062 1395 1104 in
1434 1061 1684 1121 gravissima

246 1160 386 1218 operis
424 1166 541 1217 parte
575 1160 666 1215 jam
707 1157 779 1199 diu
816 1156 969 1198 versati
1013 1171 1228 1208 essemus,
1273 1154 1491 1212 plerisque
1528 1153 1684 1194 melius

245 1251 441 1294 instructi
480 1251 525 1294 in
554 1267 725 1292 arenam
752 1248 998 1290 descensuri
1031 1247 1163 1288 fuisse
1190 1247 1460 1301 videremur,
1511 1245 1683 1299 deinde,

246 1343 388 1401 operis
429 1358 571 1384 amore
608 1341 734 1390 victi,
790 1355 1044 1397 quamquam
1083 1346 1217 1380 totum
1256 1338 1403 1395 perfici
1442 1354 1528 1380 non
1556 1353 1684 1396 posse

247 1435 348 1477 satis
391 1435 584 1493 patebat,
633 1431 942 1483 dubitavimus,
990 1439 1189 1487 possetne
1237 1430 1352 1484 fieri,
1405 1438 1452 1472 ut
1492 1430 1689 1488 graviore

247 1533 364 1585 parte
394 1526 587 1568 absoluta
617 1525 802 1581 aliquam
832 1523 1000 1564 laudem
1030 1529 1370 1580 reportaremus,
1403 1530 1445 1563 ct
1473 1522 1686 1580 intrepido

247 1615 388 1657 animo
417 1632 496 1657 nos
525 1614 807 1656 adcinximus.
881 1612 985 1653 Mox
1014 1612 1327 1661 intelleximus,
1360 1612 1529 1653 itanon
1559 1627 1686 1670 posse

249 1708 427 1750 aliorum
446 1706 638 1764 vestigiis
670 1705 827 1757 insisti,
860 1705 933 1745 sed
955 1703 1095 1746 omnia
1124 1704 1295 1762 proprio
1326 1704 1468 1746 labore
1498 1719 1592 1747 esse
1622 1719 1685 1746 re-

248 1799 489 1852 tractanda,
527 1807 599 1852 ut,
647 1797 683 1838 si
719 1796 868 1850 nohis,
918 1796 1074 1837 nedum
1114 1796 1401 1848 doctioribus,
1444 1795 1688 1837 satisfacere

250 1889 482 1942 vellemus,
520 1886 728 1945 integram
769 1887 1058 1944 quaestionem
1091 1886 1161 1927 vix
1193 1885 1337 1927 decem
1377 1901 1583 1927 annorum
1622 1885 1686 1926 in-

253 1979 420 2022 defesso
450 1980 745 2036 lal)orc„11no
773 1993 885 2019 anno
923 1977 1130 2018 tantillam
1169 1982 1328 2033 partem
1358 1974 1593 2017 absoluturi
1623 1991 1686 2017 es-

253 2087 418 2125 semus,
460 2086 586 2127 quam
616 2068 962 2125 Petropolitanae
991 2066 1247 2108 Academiae
1281 2066 1448 2122 judicio
1478 2066 1689 2122 subjicere

250 2161 479 2203 ridiculum
521 2159 750 2201 videretur.
840 2157 903 2197 Ita
946 2163 1083 2196 tamen
1130 2155 1289 2197 interca
1327 2156 1407 2197 hoc
1452 2155 1686 2196 studiorum

254 2265 389 2309 genus
409 2250 748 2292 adamaveramus
778 2254 922 2304 totque
950 2261 1057 2288 nova
1087 2253 1125 2286 ct
1159 2245 1279 2287 utilia
1309 2245 1353 2286 in
1384 2261 1427 2286 re
1457 2261 1688 2302 paucorum

253 2341 405 2383 studiis
435 2341 621 2382 delibuta
651 2339 766 2381 brevi
798 2346 984 2396 tempore
1015 2337 1200 2394 reperire
1240 2336 1362 2377 nobis
1395 2336 1472 2377 *isi
1504 2351 1686 2389 crannus,

254 2442 301 2474 ut
329 2449 413 2475 non
444 2445 663 2488 possemus
693 2427 816 2469 nohis
846 2435 1104 2483 temperare,
1145 2426 1247 2482 quin
1279 2434 1319 2466 et
1348 2425 1688 2467 continuaremns

254 2540 360 2582 opus
399 2524 615 2579 inceptum
643 2528 683 2560 et
727 2518 860 2559 nostri
903 2516 1061 2557 laboris
1091 2517 1421 2573 qualescumque
1451 2517 1613 2558 fructus
1644 2514 1688 2555 in

257 2614 473 2672 publicum
504 2613 627 2653 cdere
658 2608 1025 2650 constitueremus.
1108 2605 1258 2664 Neque
1298 2615 1434 2649 tamen
1464 2607 1688 2664 reprehen-

257 2706 418 2746 sionem
449 2711 518 2744 aut
549 2716 775 2760 possumus
805 2708 875 2741 aut
905 2699 1099 2740 volumus
1129 2699 1374 2756 deprecari,
1406 2699 1441 2740 si
1471 2699 1582 2741 sorte
1607 2697 1687 2739 Pe-
