1779 3079
223 169 322 219 566
623 166 852 217 Addenda
887 176 932 214 ct
964 166 1275 233 Corrigenda.

337 302 465 361 Pag.
497 299 580 346 179
618 303 650 346 l.
686 304 753 346 11.
811 303 941 345 Adde
980 318 1097 346 nunc
1127 303 1493 362 Astypalacenses
1532 310 1575 345 et
1602 302 1680 346 Ni·

228 371 400 430 syrios,
445 371 532 414 vid.
569 388 687 429 supr.
721 371 776 414 ad
804 387 848 429 p.
883 372 964 414 173
994 379 1036 413 et
1067 372 1163 415 176.

339 440 465 496 Pag.
498 440 577 483 181
609 440 641 483 1.
663 440 691 482 4
720 448 857 482 extr.
918 439 955 482 E
989 440 1124 498 Papio
1153 440 1367 483 addantur
1394 440 1683 483 Hermionen·

228 523 297 550 ses
337 509 543 562 Θεαρίδας·
574 514 616 550 et
652 510 833 561 Θεαρίς,
879 508 1036 550 deinde
1076 508 1285 564 Θεάριον,
1329 510 1455 551 loeus
1486 508 1683 565 Aeginae

225 575 428 632 Apollini
458 591 579 617 sacer
611 584 653 617 ct:
685 578 872 633 Θεαρίων
895 577 1138 633 Aegineta3
1182 585 1399 636 postremo
1425 577 1685 629 θεαροὸοκία

226 643 390 701 Delph.
437 660 504 685 nr.
539 645 593 687 ‘12
624 644 746 687 Curt.

338 713 464 768 Pag.
500 712 580 755 183
621 713 652 756 l.
683 712 754 756 25.
816 713 970 756 Leakii
1013 715 1309 773 apographum
1349 730 1414 756 nr.
1451 713 1534 756 100
1570 719 1687 755 recte

229 780 362 829 οἰκίας
392 781 582 838 praebet.

340 849 469 906 Pag.
505 848 584 892 185
628 849 659 890 l.
694 848 762 890 15.
836 848 923 889 Hic
964 863 1297 890 commemorare
1340 850 1484 906 placet
1527 850 1686 891 formas

230 916 435 974 quasdam
478 932 556 974 pro
586 916 757 973 vulgari
797 915 988 970 ἱερατεύω
1023 924 1064 959 et
1093 916 1254 959 rariore
1285 916 1478 971 ἱερητεύω
1511 915 1557 958 in
1587 916 1688 958 titu-

227 984 286 1027 lis
319 984 573 1042 Cyrenaicis
605 984 782 1026 obvias:
843 984 1034 1041 ἱαριτεύω
1075 1001 1142 1026 nr.
1178 986 1200 1027 1
1241 993 1283 1026 ct
1317 985 1363 1026 in
1395 984 1565 1026 duobus
1593 984 1689 1026 brc-

228 1053 422 1095 viorihus
441 1084 453 1105 ,
497 1052 710 1105 {aputeum
739 1070 805 1095 nr.
833 1055 912 1104 12,
957 1052 1138 1108 ἱεριτεύω
1170 1054 1216 1095 in
1245 1053 1410 1096 recenti
1440 1053 1567 1096 titulo
1595 1053 1691 1095 bre-

228 1121 378 1168 viore,
427 1120 628 1176 ἱερειτεύω
660 1138 726 1163 nr.
762 1122 829 1165 10.

342 1189 471 1246 Pag.
507 1189 589 1232 187
627 1206 701 1232 nr.
738 1190 777 1232 5.
850 1189 1066 1233 Miillerus
1105 1190 1214 1232 Dor.
1254 1191 1314 1233 ΙΙ.
1356 1206 1399 1247 p.
1435 1189 1487 1233 18
1526 1196 1569 1231 et
1609 1188 1693 1232 51ss

234 1259 440 1312 Ποίθιοι,
472 1265 520 1299 ut
551 1258 663 1316 apud
692 1258 898 1300 Photium
920 1259 1096 1315 Pgthii,
1129 1258 1437 1317 Spartanorum
1466 1257 1692 1315 magistra-

229 1332 332 1379 tus,
384 1326 661 1380 scribuntur,
701 1327 909 1368 Doricam
940 1328 1118 1369 formam
1152 1344 1247 1369 esse
1280 1326 1460 1385 putavit.
1520 1324 1693 1368 [icilius

230 1393 382 1436 Anall.
423 1411 467 1452 p.
504 1395 583 1436 163
613 1394 733 1436 addit
762 1394 961 1447 Κάροια,
1008 1394 1249 1449 Ᾱζαροιάτης
1278 1402 1359 1437 etc.
1384 1425 1396 1448 ,
1440 1409 1548 1452 quae
1578 1393 1693 1452 apud

233 1461 499 1521 Stephanum
530 1464 636 1521 Byz.
670 1463 888 1505 literarum
921 1463 1074 1505 ordine
1104 1463 1223 1505 laeso
1252 1463 1460 1521 leguntur
1495 1478 1571 1520 pro
1601 1460 1695 1504 Κά-

233 1547 341 1586 ρυα,
394 1531 513 1590 quod
553 1539 620 1574 est
657 1531 903 1575 Laconicae
942 1532 1164 1590 oppidum.
1227 1532 1519 1574 Auctoritates
1549 1538 1693 1574 tamen

230 1615 380 1657 parum
410 1600 556 1642 firmae
588 1607 702 1642 sunt.

346 1668 471 1727 Pag.
507 1670 588 1712 187
625 1669 657 1711 l.
690 1669 716 1712 7
746 1676 881 1711 extr.
942 1667 1106 1710 Eadem
1147 1669 1292 1727 glossa
1334 1667 1539 1722 ψούδια
1579 1667 1695 1726 apud

235 1735 414 1779 Suidam
447 1737 628 1796 legitur.

345 1805 469 1862 Pag.
498 1806 586 1849 '188
630 1806 661 1848 l.
694 1807 720 1849 8
751 1822 900 1865 seqq.
963 1805 1090 1847 Adde
1128 1804 1276 1859 Ἀρχία
1315 1805 1450 1847 Ther.
1498 1803 1578 1847 198
1616 1801 1693 1857 R¹>

236 1888 370 1931 quum
412 1874 526 1915 idem
573 1890 729 1916 nomen
776 1876 907 1931 vulgo
950 1873 1112 1927 Ἀργεία
1163 1880 1326 1927 sonet,
1389 1880 1430 1914 ct
1473 1870 1695 1925 Εὐανόρεα

234 1941 394 1998 Astyp.
446 1942 557 1996 156,
618 1943 704 1984 nisi
755 1943 866 1984 forte
916 1941 1137 1996 Εὐαγόςιεα
1180 1940 1485 1999 corrigendum
1527 1947 1591 1981 cst
1636 1939 1694 1980 cf.

234 2007 548 2063 Ἀρισταγόρεω.
588 2010 703 2051 h'eil.
741 2012 891 2052 Anall.
937 2027 982 2067 p.
1016 2011 1101 2063 783
1163 2009 1319 2049 deinde
1359 2007 1607 2057 ποήσασθαι
1650 2006 1696 2048 in

238 2076 331 2118 Coo
355 2093 420 2118 nr.
439 2077 515 2119 175
541 2085 581 2118 ct
599 2076 729 2118 Telio
762 2094 827 2118 nr.
849 2079 926 2120 169
946 2078 1000 2118 R.
1046 2077 1095 2117 In
1118 2076 1278 2134 Delph.
1300 2076 1415 2134 Eph.
1435 2076 1534 2118 Jen.
1586 2074 1696 2117 Cur-

236 2143 323 2187 tius
354 2145 385 2186 l.
416 2146 438 2187 1
480 2144 594 2186 Βοόν
632 2161 709 2203 pro
741 2145 871 2187 Βοιόν
906 2153 947 2186 ct
984 2145 1082 2185 inde
1124 2145 1153 2186 l.
1188 2146 1227 2187 3.
1261 2144 1287 2187 6
1325 2144 1506 2201 gentilia
1537 2145 1697 2192 Βοαῖος

238 2220 280 2255 ct
308 2214 447 2255 Βοαία
480 2213 615 2255 scribi
653 2221 786 2272 putat.
849 2215 909 2255 At
938 2230 1077 2271 neque
1110 2230 1132 2254 a
1164 2214 1293 2255 Boion
1326 2213 1488 2270 gentile
1518 2213 1697 2260 Βοιαῖος

238 2281 424 2323 derivari
454 2290 597 2340 potest
628 2290 669 2325 et
701 2283 730 2325 l.
752 2284 772 2324 1
805 2285 898 2335 Bm}
926 2283 1136 2333 traditur,
1168 2283 1283 2340 quod
1315 2281 1493 2323 Curtius
1524 2281 1570 2322 in
1600 2282 1699 2333 Βοῷ

238 2350 448 2403 mutavit,
490 2365 621 2408 quare
654 2351 885 2394 obscurius
917 2351 1132 2409 quoddam
1163 2350 1417 2409 oppidulum
1449 2349 1697 2408 intelligen-

239 2417 341 2460 dum
371 2433 470 2461 csse
499 2419 685 2462 videtur.

353 2487 490 2529 Ibid.
539 2488 570 2530 l.
603 2489 673 2532 28.
735 2489 862 2531 Adde
907 2488 1005 2537 ζόαν
1047 2496 1088 2529 ct
1132 2487 1242 2536 ίζοεν
1286 2487 1330 2528 in
1376 2484 1699 2544 epigrammatis

239 2555 465 2597 Theocriti
507 2557 639 2598 XVII
691 2566 732 2599 et
777 2556 1079 2599 Theodoridae
1124 2557 1261 2597 Anth.
1312 2554 1406 2596 Pal.
1450 2554 1592 2608 xlll,
1624 2554 1696 2606 21,

239 2640 349 2681 quae
382 2625 484 2667 satis
520 2641 625 2682 pura
657 2626 821 2668 Doride
853 2633 1046 2667 utuntur.

351 2693 478 2750 Pag.
518 2694 596 2736 190
641 2695 669 2736 Ι.
704 2696 745 2737 ‘.).
809 2694 936 2736 Nunc
968 2693 1236 2735 Boecldiium
1276 2699 1390 2732 recte
1421 2689 1580 2732 fecisse
1609 2703 1699 2729 cre-

241 2760 414 2816 dimusq,
477 2779 574 2804 nam
607 2772 775 2821 practer
808 2780 855 2804 ca
887 2762 1107 2819 exempla,
1161 2776 1270 2819 quac
1299 2759 1520 2801 attulimus
1552 2756 1592 2810 ξ.
1631 2756 1698 2809 11,
