<?xml version="1.0" encoding="UTF-8"?>
<!DOCTYPE html PUBLIC "-//W3C//DTD XHTML 1.0 Transitional//EN"
    "http://www.w3.org/TR/xhtml1/DTD/xhtml1-transitional.dtd">
<html xmlns="http://www.w3.org/1999/xhtml" xml:lang="en" lang="en">
 <head>
  <title>
</title>
<meta http-equiv="Content-Type" content="text/html;charset=utf-8" />
  <meta name='ocr-system' content='tesseract 3.04.00' />
  <meta name='ocr-capabilities' content='ocr_page ocr_carea ocr_par ocr_line ocrx_word'/>
</head>
<body>
  <div class='ocr_page' id='page_1' title='image "./degraecaelinguae01ahreuoft_0456.png"; bbox 0 0 1779 3079; ppageno 0'>
   <div class='ocr_carea' id='block_1_1' title="bbox 222 219 1134 275">
    <p class='ocr_par' dir='ltr' id='par_1_1' title="bbox 222 219 1134 275">
     <span class='ocr_line' id='line_1_1' title="bbox 222 219 1134 275; baseline -0.008 -3"><span class='ocrx_word' id='word_1_1' title='bbox 222 224 316 275; x_wconf 77' lang='grc'><strong>132</strong></span> <span class='ocrx_word' id='word_1_2' title='bbox 770 222 840 267; x_wconf 81' lang='lat' dir='ltr'><strong>De</strong></span> <span class='ocrx_word' id='word_1_3' title='bbox 879 219 1134 267; x_wconf 81' lang='lat' dir='ltr'><strong>vocalibus.</strong></span> 
     </span>
    </p>
   </div>
   <div class='ocr_carea' id='block_1_2' title="bbox 219 353 1677 2847">
    <p class='ocr_par' dir='ltr' id='par_1_2' title="bbox 219 353 1675 1357">
     <span class='ocr_line' id='line_1_2' title="bbox 223 353 1670 414; baseline -0.004 -10"><span class='ocrx_word' id='word_1_4' title='bbox 223 364 332 406; x_wconf 81' lang='lat'>3048</span> <span class='ocrx_word' id='word_1_5' title='bbox 362 362 409 414; x_wconf 78' lang='grc' dir='ltr'><strong>(π</strong></span> <span class='ocrx_word' id='word_1_6' title='bbox 420 360 550 401; x_wconf 80' lang='grc' dir='ltr'><em>λάθο</em></span> <span class='ocrx_word' id='word_1_7' title='bbox 567 377 587 399; x_wconf 86' lang='grc' dir='ltr'><em>υ</em></span> <span class='ocrx_word' id='word_1_8' title='bbox 602 376 618 407; x_wconf 81' lang='grc' dir='ltr'><strong><em>ς</em></strong></span> <span class='ocrx_word' id='word_1_9' title='bbox 635 392 646 409; x_wconf 92' lang='grc'>,</span> <span class='ocrx_word' id='word_1_10' title='bbox 678 357 862 408; x_wconf 73' lang='grc' dir='ltr'><em>πλήθους</em></span> <span class='ocrx_word' id='word_1_11' title='bbox 880 355 1096 413; x_wconf 69' lang='lat' dir='ltr'><strong>Hesyeh.)</strong></span> <span class='ocrx_word' id='word_1_12' title='bbox 1110 387 1123 409; x_wconf 94' lang='lat'><strong>,</strong></span> <span class='ocrx_word' id='word_1_13' title='bbox 1160 353 1369 396; x_wconf 72' lang='grc' dir='ltr'><em>πλάθουσι</em></span> <span class='ocrx_word' id='word_1_14' title='bbox 1392 355 1438 396; x_wconf 89' lang='lat' dir='ltr'><strong>in</strong></span> <span class='ocrx_word' id='word_1_15' title='bbox 1460 355 1670 414; x_wconf 54' lang='lat' dir='ltr'><strong>Aeschyli</strong></span> 
     </span>
     <span class='ocr_line' id='line_1_3' title="bbox 222 421 1668 486; baseline -0.006 -14"><span class='ocrx_word' id='word_1_16' title='bbox 222 429 545 486; x_wconf 83' lang='lat' dir='ltr'><strong>corruptissimo</strong></span> <span class='ocrx_word' id='word_1_17' title='bbox 575 426 669 468; x_wconf 88' lang='lat' dir='ltr'><strong>loco</strong></span> <span class='ocrx_word' id='word_1_18' title='bbox 699 424 894 482; x_wconf 85' lang='lat' dir='ltr'><strong>Choeph.</strong></span> <span class='ocrx_word' id='word_1_19' title='bbox 929 425 1034 477; x_wconf 77' lang='lat'><strong>582,</strong></span> <span class='ocrx_word' id='word_1_20' title='bbox 1079 438 1263 480; x_wconf 90' lang='lat' dir='ltr'><strong>quorum</strong></span> <span class='ocrx_word' id='word_1_21' title='bbox 1306 421 1416 463; x_wconf 89' lang='lat' dir='ltr'><strong>illud</strong></span> <span class='ocrx_word' id='word_1_22' title='bbox 1452 422 1565 464; x_wconf 91' lang='lat' dir='ltr'><strong>inter</strong></span> <span class='ocrx_word' id='word_1_23' title='bbox 1592 424 1668 480; x_wconf 69' lang='lat' dir='ltr'><strong>hy-</strong></span> 
     </span>
     <span class='ocr_line' id='line_1_4' title="bbox 221 489 1671 555; baseline -0.005 -16"><span class='ocrx_word' id='word_1_24' title='bbox 221 496 465 555; x_wconf 86' lang='lat' dir='ltr'><strong>perdoricas</strong></span> <span class='ocrx_word' id='word_1_25' title='bbox 494 496 650 536; x_wconf 86' lang='lat' dir='ltr'><strong>formas</strong></span> <span class='ocrx_word' id='word_1_26' title='bbox 688 493 853 546; x_wconf 82' lang='lat' dir='ltr'><strong>refero,</strong></span> <span class='ocrx_word' id='word_1_27' title='bbox 897 493 978 533; x_wconf 89' lang='lat' dir='ltr'><strong>hoc</strong></span> <span class='ocrx_word' id='word_1_28' title='bbox 1017 490 1125 532; x_wconf 84' lang='lat' dir='ltr'><strong>male</strong></span> <span class='ocrx_word' id='word_1_29' title='bbox 1164 507 1244 548; x_wconf 88' lang='lat' dir='ltr'><strong>pro</strong></span> <span class='ocrx_word' id='word_1_30' title='bbox 1282 489 1492 540; x_wconf 67' lang='grc' dir='ltr'><em>πλήθουσι</em></span> <span class='ocrx_word' id='word_1_31' title='bbox 1532 491 1671 548; x_wconf 80' lang='lat' dir='ltr'>accipi</span> 
     </span>
     <span class='ocr_line' id='line_1_5' title="bbox 222 556 1668 621; baseline -0.005 -15"><span class='ocrx_word' id='word_1_32' title='bbox 222 564 430 617; x_wconf 75' lang='lat' dir='ltr'><strong>arbitror,</strong></span> <span class='ocrx_word' id='word_1_33' title='bbox 461 562 577 621; x_wconf 83' lang='lat' dir='ltr'><strong>quod</strong></span> <span class='ocrx_word' id='word_1_34' title='bbox 607 560 692 603; x_wconf 86' lang='lat' dir='ltr'><strong>nisi</strong></span> <span class='ocrx_word' id='word_1_35' title='bbox 722 566 968 617; x_wconf 85' lang='lat' dir='ltr'><strong>corruptum</strong></span> <span class='ocrx_word' id='word_1_36' title='bbox 1000 565 1091 611; x_wconf 86' lang='lat' dir='ltr'><strong>est,</strong></span> <span class='ocrx_word' id='word_1_37' title='bbox 1122 558 1265 615; x_wconf 89' lang='lat' dir='ltr'><strong>potius</strong></span> <span class='ocrx_word' id='word_1_38' title='bbox 1297 558 1463 600; x_wconf 81' lang='lat' dir='ltr'>dativus</span> <span class='ocrx_word' id='word_1_39' title='bbox 1489 556 1668 615; x_wconf 89' lang='lat' dir='ltr'><strong>pluralis</strong></span> 
     </span>
     <span class='ocr_line' id='line_1_6' title="bbox 219 626 1671 683; baseline -0.005 -10"><span class='ocrx_word' id='word_1_40' title='bbox 219 639 287 673; x_wconf 82' lang='lat' dir='ltr'><strong>est</strong></span> <span class='ocrx_word' id='word_1_41' title='bbox 315 648 338 673; x_wconf 88' lang='lat' dir='ltr'><strong>a</strong></span> <span class='ocrx_word' id='word_1_42' title='bbox 368 630 514 671; x_wconf 73' lang='grc' dir='ltr'><em>πλάθω</em></span> <span class='ocrx_word' id='word_1_43' title='bbox 555 629 584 671; x_wconf 91' lang='lat' dir='ltr'><strong>i.</strong></span> <span class='ocrx_word' id='word_1_44' title='bbox 618 645 656 670; x_wconf 90' lang='lat' dir='ltr'><strong>c.</strong></span> <span class='ocrx_word' id='word_1_45' title='bbox 698 627 864 668; x_wconf 79' lang='grc' dir='ltr'><em>πελάθω</em></span> <span class='ocrx_word' id='word_1_46' title='bbox 903 626 1139 668; x_wconf 86' lang='lat' dir='ltr'><strong>ducendus.</strong></span> <span class='ocrx_word' id='word_1_47' title='bbox 1185 652 1236 657; x_wconf 97' lang='lat'>—</span> <span class='ocrx_word' id='word_1_48' title='bbox 1296 626 1520 667; x_wconf 88' lang='lat' dir='ltr'><strong>Postremo</strong></span> <span class='ocrx_word' id='word_1_49' title='bbox 1562 640 1671 683; x_wconf 86' lang='lat' dir='ltr'><strong>quae</strong></span> 
     </span>
     <span class='ocr_line' id='line_1_7' title="bbox 222 693 1670 751; baseline -0.006 -10"><span class='ocrx_word' id='word_1_50' title='bbox 222 699 469 741; x_wconf 83' lang='lat' dir='ltr'><strong>derivantur</strong></span> <span class='ocrx_word' id='word_1_51' title='bbox 497 713 521 738; x_wconf 88' lang='lat' dir='ltr'><strong>a</strong></span> <span class='ocrx_word' id='word_1_52' title='bbox 553 696 687 750; x_wconf 77' lang='grc' dir='ltr'><em>βάλλω</em></span> <span class='ocrx_word' id='word_1_53' title='bbox 719 702 760 737; x_wconf 87' lang='lat' dir='ltr'><strong>ct</strong></span> <span class='ocrx_word' id='word_1_54' title='bbox 789 695 917 736; x_wconf 69' lang='grc' dir='ltr'><em>καλέω</em></span> <span class='ocrx_word' id='word_1_55' title='bbox 935 726 947 749; x_wconf 87' lang='lat'><strong>,</strong></span> <span class='ocrx_word' id='word_1_56' title='bbox 978 710 1198 751; x_wconf 86' lang='lat' dir='ltr'><strong>nunquam</strong></span> <span class='ocrx_word' id='word_1_57' title='bbox 1230 711 1254 733; x_wconf 89' lang='grc' dir='ltr'>α</span> <span class='ocrx_word' id='word_1_58' title='bbox 1284 708 1363 751; x_wconf 84' lang='lat' dir='ltr'><strong>pro</strong></span> <span class='ocrx_word' id='word_1_59' title='bbox 1386 712 1409 743; x_wconf 86' lang='grc' dir='ltr'>η</span> <span class='ocrx_word' id='word_1_60' title='bbox 1437 693 1670 746; x_wconf 87' lang='lat' dir='ltr'><strong>asciscunt,</strong></span> 
     </span>
     <span class='ocr_line' id='line_1_8' title="bbox 223 760 1668 824; baseline -0.005 -16"><span class='ocrx_word' id='word_1_61' title='bbox 223 781 465 824; x_wconf 81' lang='lat' dir='ltr'><strong>quanquam</strong></span> <span class='ocrx_word' id='word_1_62' title='bbox 494 764 813 822; x_wconf 86' lang='lat' dir='ltr'><strong>transponendo</strong></span> <span class='ocrx_word' id='word_1_63' title='bbox 842 762 998 819; x_wconf 83' lang='lat' dir='ltr'><strong>stirpes</strong></span> <span class='ocrx_word' id='word_1_64' title='bbox 1029 767 1106 815; x_wconf 75' lang='grc' dir='ltr'><em>βλα</em></span> <span class='ocrx_word' id='word_1_65' title='bbox 1144 768 1186 802; x_wconf 90' lang='lat' dir='ltr'><strong>ct</strong></span> <span class='ocrx_word' id='word_1_66' title='bbox 1216 766 1290 802; x_wconf 87' lang='grc' dir='ltr'><em>κλα</em></span> <span class='ocrx_word' id='word_1_67' title='bbox 1321 760 1425 802; x_wconf 88' lang='lat' dir='ltr'><strong>oriri</strong></span> <span class='ocrx_word' id='word_1_68' title='bbox 1454 760 1668 802; x_wconf 87' lang='lat' dir='ltr'><strong>videntur.</strong></span> 
     </span>
     <span class='ocr_line' id='line_1_9' title="bbox 224 827 1671 886; baseline -0.006 -10"><span class='ocrx_word' id='word_1_69' title='bbox 224 834 311 876; x_wconf 84' lang='lat' dir='ltr'><strong>Sed</strong></span> <span class='ocrx_word' id='word_1_70' title='bbox 340 849 436 875; x_wconf 89' lang='lat' dir='ltr'><strong>cum</strong></span> <span class='ocrx_word' id='word_1_71' title='bbox 468 848 631 874; x_wconf 83' lang='lat' dir='ltr'><strong>summa</strong></span> <span class='ocrx_word' id='word_1_72' title='bbox 661 828 899 873; x_wconf 85' lang='lat' dir='ltr'><strong>constantia</strong></span> <span class='ocrx_word' id='word_1_73' title='bbox 928 830 1130 886; x_wconf 80' lang='lat' dir='ltr'><strong>leguntur</strong></span> <span class='ocrx_word' id='word_1_74' title='bbox 1158 830 1357 883; x_wconf 72' lang='grc' dir='ltr'><em>βέβλημαι</em></span> <span class='ocrx_word' id='word_1_75' title='bbox 1386 828 1515 869; x_wconf 86' lang='lat' dir='ltr'><strong>Pind.</strong></span> <span class='ocrx_word' id='word_1_76' title='bbox 1533 859 1545 882; x_wconf 88' lang='lat'><strong>,</strong></span> <span class='ocrx_word' id='word_1_77' title='bbox 1596 827 1671 868; x_wconf 86' lang='grc' dir='ltr'><strong>κά-</strong></span> 
     </span>
     <span class='ocr_line' id='line_1_10' title="bbox 222 895 1670 955; baseline -0.006 -12"><span class='ocrx_word' id='word_1_78' title='bbox 222 907 358 955; x_wconf 77' lang='grc' dir='ltr'><em>βλημα</em></span> <span class='ocrx_word' id='word_1_79' title='bbox 389 899 652 942; x_wconf 86' lang='lat' dir='ltr'><strong>Laconicum</strong></span> <span class='ocrx_word' id='word_1_80' title='bbox 684 897 797 955; x_wconf 87' lang='lat' dir='ltr'><strong>apud</strong></span> <span class='ocrx_word' id='word_1_81' title='bbox 826 896 1115 954; x_wconf 73' lang='lat' dir='ltr'><strong>Hesychium,</strong></span> <span class='ocrx_word' id='word_1_82' title='bbox 1161 897 1357 948; x_wconf 69' lang='grc' dir='ltr'><em>κέκλημαι</em></span> <span class='ocrx_word' id='word_1_83' title='bbox 1393 903 1435 937; x_wconf 91' lang='lat' dir='ltr'><strong>et</strong></span> <span class='ocrx_word' id='word_1_84' title='bbox 1463 895 1670 945; x_wconf 72' lang='grc' dir='ltr'><em>κικλήσκω</em></span> 
     </span>
     <span class='ocr_line' id='line_1_11' title="bbox 223 963 1673 1022; baseline -0.006 -11"><span class='ocrx_word' id='word_1_85' title='bbox 223 969 379 1022; x_wconf 77' lang='lat' dir='ltr'><strong>Pind.‚</strong></span> <span class='ocrx_word' id='word_1_86' title='bbox 424 966 676 1016; x_wconf 77' lang='grc' dir='ltr'><em>κατάκλητος</em></span> <span class='ocrx_word' id='word_1_87' title='bbox 706 964 879 1006; x_wconf 88' lang='lat' dir='ltr'><strong>Heracl.</strong></span> <span class='ocrx_word' id='word_1_88' title='bbox 898 996 910 1018; x_wconf 85' lang='lat'><strong>,</strong></span> <span class='ocrx_word' id='word_1_89' title='bbox 952 965 1144 1013; x_wconf 75' lang='grc' dir='ltr'><em>ἐκκλησία</em></span> <span class='ocrx_word' id='word_1_90' title='bbox 1175 979 1300 1021; x_wconf 83' lang='lat' dir='ltr'><strong>saepe</strong></span> <span class='ocrx_word' id='word_1_91' title='bbox 1330 963 1376 1004; x_wconf 88' lang='lat' dir='ltr'><strong>in</strong></span> <span class='ocrx_word' id='word_1_92' title='bbox 1404 963 1556 1004; x_wconf 89' lang='lat' dir='ltr'><strong>titulis.</strong></span> <span class='ocrx_word' id='word_1_93' title='bbox 1619 963 1673 1004; x_wconf 92' lang='lat' dir='ltr'><strong>Et</strong></span> 
     </span>
     <span class='ocr_line' id='line_1_12' title="bbox 222 1029 1673 1094; baseline -0.005 -16"><span class='ocrx_word' id='word_1_94' title='bbox 222 1038 268 1078; x_wconf 89' lang='lat' dir='ltr'><strong>in</strong></span> <span class='ocrx_word' id='word_1_95' title='bbox 307 1035 449 1094; x_wconf 87' lang='lat' dir='ltr'><strong>priore</strong></span> <span class='ocrx_word' id='word_1_96' title='bbox 488 1034 638 1075; x_wconf 87' lang='lat' dir='ltr'><strong>saltem</strong></span> <span class='ocrx_word' id='word_1_97' title='bbox 670 1048 774 1075; x_wconf 78' lang='lat' dir='ltr'><strong>voce</strong></span> <span class='ocrx_word' id='word_1_98' title='bbox 817 1050 841 1083; x_wconf 78' lang='grc' dir='ltr'><em>η</em></span> <span class='ocrx_word' id='word_1_99' title='bbox 884 1048 936 1073; x_wconf 81' lang='lat' dir='ltr'><strong>cx</strong></span> <span class='ocrx_word' id='word_1_100' title='bbox 975 1049 991 1072; x_wconf 70' lang='grc' dir='ltr'><em>ε</em></span> <span class='ocrx_word' id='word_1_101' title='bbox 1032 1038 1177 1073; x_wconf 89' lang='lat' dir='ltr'><strong>natum</strong></span> <span class='ocrx_word' id='word_1_102' title='bbox 1218 1047 1341 1084; x_wconf 89' lang='lat' dir='ltr'><strong>esse,</strong></span> <span class='ocrx_word' id='word_1_103' title='bbox 1393 1029 1673 1072; x_wconf 88' lang='lat' dir='ltr'><strong>Homericum</strong></span> 
     </span>
     <span class='ocr_line' id='line_1_13' title="bbox 222 1097 1673 1159; baseline -0.003 -16"><span class='ocrx_word' id='word_1_104' title='bbox 222 1105 330 1157; x_wconf 77' lang='grc' dir='ltr'><em>βλεῖο</em></span> <span class='ocrx_word' id='word_1_105' title='bbox 369 1111 410 1144; x_wconf 81' lang='lat' dir='ltr'><strong>et</strong></span> <span class='ocrx_word' id='word_1_106' title='bbox 439 1101 770 1159; x_wconf 83' lang='lat' dir='ltr'><strong>Epicharmeum</strong></span> <span class='ocrx_word' id='word_1_107' title='bbox 800 1100 938 1154; x_wconf 76' lang='grc' dir='ltr'><em>βλειής</em></span> <span class='ocrx_word' id='word_1_108' title='bbox 967 1099 1020 1140; x_wconf 79' lang='lat' dir='ltr'><strong>fr.</strong></span> <span class='ocrx_word' id='word_1_109' title='bbox 1054 1099 1136 1141; x_wconf 81' lang='grc'><strong>154</strong></span> <span class='ocrx_word' id='word_1_110' title='bbox 1166 1099 1267 1140; x_wconf 87' lang='lat' dir='ltr'><strong>satis</strong></span> <span class='ocrx_word' id='word_1_111' title='bbox 1297 1098 1465 1140; x_wconf 86' lang='lat' dir='ltr'><strong>docent.</strong></span> <span class='ocrx_word' id='word_1_112' title='bbox 1529 1097 1673 1151; x_wconf 84' lang='lat' dir='ltr'><strong>Quare</strong></span> 
     </span>
     <span class='ocr_line' id='line_1_14' title="bbox 223 1164 1675 1236; baseline -0.003 -24"><span class='ocrx_word' id='word_1_113' title='bbox 223 1170 379 1228; x_wconf 83' lang='lat' dir='ltr'><strong>stirpes</strong></span> <span class='ocrx_word' id='word_1_114' title='bbox 409 1175 484 1223; x_wconf 76' lang='grc' dir='ltr'><em>βλη</em></span> <span class='ocrx_word' id='word_1_115' title='bbox 517 1176 558 1210; x_wconf 86' lang='lat' dir='ltr'><strong>et</strong></span> <span class='ocrx_word' id='word_1_116' title='bbox 590 1174 662 1236; x_wconf 53' lang='grc' dir='ltr'><em>κλί]</em></span> <span class='ocrx_word' id='word_1_117' title='bbox 704 1184 790 1210; x_wconf 87' lang='lat' dir='ltr'><strong>non</strong></span> <span class='ocrx_word' id='word_1_118' title='bbox 823 1166 1153 1224; x_wconf 78' lang='lat' dir='ltr'><strong>transpositione</strong></span> <span class='ocrx_word' id='word_1_119' title='bbox 1193 1183 1214 1208; x_wconf 93' lang='lat' dir='ltr'><strong>e</strong></span> <span class='ocrx_word' id='word_1_120' title='bbox 1254 1171 1332 1220; x_wconf 70' lang='grc' dir='ltr'><em>βαλ</em></span> <span class='ocrx_word' id='word_1_121' title='bbox 1371 1173 1413 1207; x_wconf 89' lang='lat' dir='ltr'><strong>et</strong></span> <span class='ocrx_word' id='word_1_122' title='bbox 1450 1170 1551 1219; x_wconf 77' lang='grc' dir='ltr'><em>καλ,</em></span> <span class='ocrx_word' id='word_1_123' title='bbox 1599 1164 1675 1207; x_wconf 89' lang='lat' dir='ltr'><strong>sed</strong></span> 
     </span>
     <span class='ocr_line' id='line_1_15' title="bbox 223 1232 1675 1296; baseline -0.003 -17"><span class='ocrx_word' id='word_1_124' title='bbox 223 1254 413 1296; x_wconf 68' lang='lat' dir='ltr'><strong>syncope</strong></span> <span class='ocrx_word' id='word_1_125' title='bbox 442 1253 465 1279; x_wconf 92' lang='lat' dir='ltr'><strong>c</strong></span> <span class='ocrx_word' id='word_1_126' title='bbox 495 1241 600 1290; x_wconf 75' lang='grc' dir='ltr'><em>βαλη</em></span> <span class='ocrx_word' id='word_1_127' title='bbox 631 1242 673 1278; x_wconf 89' lang='lat' dir='ltr'><strong>ct</strong></span> <span class='ocrx_word' id='word_1_128' title='bbox 711 1235 812 1286; x_wconf 81' lang='grc' dir='ltr'><em>κάλη</em></span> <span class='ocrx_word' id='word_1_129' title='bbox 853 1241 966 1276; x_wconf 86' lang='lat' dir='ltr'><strong>ortae</strong></span> <span class='ocrx_word' id='word_1_130' title='bbox 1007 1250 1101 1276; x_wconf 90' lang='lat' dir='ltr'><strong>csse</strong></span> <span class='ocrx_word' id='word_1_131' title='bbox 1140 1234 1368 1288; x_wconf 76' lang='lat' dir='ltr'><strong>videntur,</strong></span> <span class='ocrx_word' id='word_1_132' title='bbox 1413 1249 1498 1291; x_wconf 86' lang='lat' dir='ltr'><strong>quo</strong></span> <span class='ocrx_word' id='word_1_133' title='bbox 1540 1232 1675 1275; x_wconf 90' lang='lat' dir='ltr'><strong>tendit</strong></span> 
     </span>
     <span class='ocr_line' id='line_1_16' title="bbox 224 1303 926 1357; baseline -0.004 -10"><span class='ocrx_word' id='word_1_134' title='bbox 224 1305 350 1347; x_wconf 86' lang='lat' dir='ltr'><strong>etiam</strong></span> <span class='ocrx_word' id='word_1_135' title='bbox 379 1303 657 1346; x_wconf 84' lang='lat' dir='ltr'><strong>Homericum</strong></span> <span class='ocrx_word' id='word_1_136' title='bbox 687 1303 926 1357; x_wconf 75' lang='grc' dir='ltr'><em>βεβόλημαι.</em></span> 
     </span>
    </p>

    <p class='ocr_par' dir='ltr' id='par_1_3' title="bbox 224 1367 1677 1898">
     <span class='ocr_line' id='line_1_17' title="bbox 335 1367 1673 1428; baseline -0.003 -16"><span class='ocrx_word' id='word_1_137' title='bbox 335 1371 476 1428; x_wconf 74' lang='lat' dir='ltr'><strong>Mag-is</strong></span> <span class='ocrx_word' id='word_1_138' title='bbox 507 1371 652 1412; x_wconf 87' lang='lat' dir='ltr'><strong>mirari</strong></span> <span class='ocrx_word' id='word_1_139' title='bbox 679 1371 803 1425; x_wconf 89' lang='lat' dir='ltr'><strong>licet,</strong></span> <span class='ocrx_word' id='word_1_140' title='bbox 850 1370 965 1428; x_wconf 88' lang='lat' dir='ltr'><strong>quod</strong></span> <span class='ocrx_word' id='word_1_141' title='bbox 995 1389 1018 1420; x_wconf 75' lang='grc' dir='ltr'><em>η</em></span> <span class='ocrx_word' id='word_1_142' title='bbox 1053 1377 1297 1412; x_wconf 79' lang='lat' dir='ltr'><strong>constanter</strong></span> <span class='ocrx_word' id='word_1_143' title='bbox 1325 1375 1495 1410; x_wconf 90' lang='lat' dir='ltr'><strong>tenetur</strong></span> <span class='ocrx_word' id='word_1_144' title='bbox 1523 1368 1566 1409; x_wconf 90' lang='lat' dir='ltr'><strong>in</strong></span> <span class='ocrx_word' id='word_1_145' title='bbox 1600 1367 1673 1423; x_wconf 75' lang='grc' dir='ltr'><strong>ῥή-</strong></span> 
     </span>
     <span class='ocr_line' id='line_1_18' title="bbox 224 1436 1675 1496; baseline -0.003 -15"><span class='ocrx_word' id='word_1_146' title='bbox 224 1458 336 1495; x_wconf 71' lang='grc' dir='ltr'>γυυμι</span> <span class='ocrx_word' id='word_1_147' title='bbox 364 1439 544 1496; x_wconf 85' lang='lat' dir='ltr'><strong>ejusque</strong></span> <span class='ocrx_word' id='word_1_148' title='bbox 576 1439 804 1493; x_wconf 85' lang='lat' dir='ltr'><strong>derivatis,</strong></span> <span class='ocrx_word' id='word_1_149' title='bbox 856 1454 1098 1496; x_wconf 84' lang='lat' dir='ltr'><strong>quanquam</strong></span> <span class='ocrx_word' id='word_1_150' title='bbox 1139 1438 1321 1479; x_wconf 86' lang='lat' dir='ltr'><strong>aoristus</strong></span> <span class='ocrx_word' id='word_1_151' title='bbox 1362 1436 1559 1491; x_wconf 59' lang='grc' dir='ltr'><strong>ἐρ’ῥάγην,</strong></span> <span class='ocrx_word' id='word_1_152' title='bbox 1607 1451 1675 1478; x_wconf 91' lang='lat' dir='ltr'><strong>co-</strong></span> 
     </span>
     <span class='ocr_line' id='line_1_19' title="bbox 225 1504 1674 1564; baseline -0.003 -16"><span class='ocrx_word' id='word_1_153' title='bbox 225 1513 400 1564; x_wconf 79' lang='lat' dir='ltr'><strong>gnatum</strong></span> <span class='ocrx_word' id='word_1_154' title='bbox 433 1507 608 1548; x_wconf 76' lang='lat' dir='ltr'><strong>verbum</strong></span> <span class='ocrx_word' id='word_1_155' title='bbox 638 1507 778 1560; x_wconf 73' lang='grc' dir='ltr'><strong><em>ἅγυυμι</em></strong></span> <span class='ocrx_word' id='word_1_156' title='bbox 807 1514 849 1548; x_wconf 88' lang='lat' dir='ltr'><strong>ct</strong></span> <span class='ocrx_word' id='word_1_157' title='bbox 878 1506 1080 1548; x_wconf 90' lang='lat' dir='ltr'><strong>Latinum</strong></span> <span class='ocrx_word' id='word_1_158' title='bbox 1109 1506 1305 1562; x_wconf 78' lang='lat' dir='ltr'><strong>frango</strong></span> <span class='ocrx_word' id='word_1_159' title='bbox 1335 1504 1522 1546; x_wconf 87' lang='lat' dir='ltr'><strong>radicem</strong></span> <span class='ocrx_word' id='word_1_160' title='bbox 1543 1509 1674 1559; x_wconf 62' lang='lat' dir='ltr'><strong>Fpay,</strong></span> 
     </span>
     <span class='ocr_line' id='line_1_20' title="bbox 228 1572 1677 1631; baseline -0.002 -16"><span class='ocrx_word' id='word_1_161' title='bbox 228 1579 305 1628; x_wconf 78' lang='grc' dir='ltr'><strong>ῥαγ</strong></span> <span class='ocrx_word' id='word_1_162' title='bbox 335 1574 485 1616; x_wconf 86' lang='lat' dir='ltr'><strong>sistere</strong></span> <span class='ocrx_word' id='word_1_163' title='bbox 514 1574 744 1616; x_wconf 47' lang='lat' dir='ltr'><strong>videnturs</strong></span> <span class='ocrx_word' id='word_1_164' title='bbox 791 1574 878 1616; x_wconf 91' lang='lat' dir='ltr'><strong>Sed</strong></span> <span class='ocrx_word' id='word_1_165' title='bbox 909 1588 995 1616; x_wconf 87' lang='lat' dir='ltr'><strong>nou</strong></span> <span class='ocrx_word' id='word_1_166' title='bbox 1026 1574 1165 1615; x_wconf 87' lang='lat' dir='ltr'><strong>solum</strong></span> <span class='ocrx_word' id='word_1_167' title='bbox 1186 1573 1299 1631; x_wconf 88' lang='lat' dir='ltr'><strong>apud</strong></span> <span class='ocrx_word' id='word_1_168' title='bbox 1318 1572 1553 1613; x_wconf 85' lang='lat' dir='ltr'><strong>Pindarum</strong></span> <span class='ocrx_word' id='word_1_169' title='bbox 1577 1578 1677 1613; x_wconf 88' lang='lat' dir='ltr'><strong>sunt</strong></span> 
     </span>
     <span class='ocr_line' id='line_1_21' title="bbox 228 1639 1676 1696; baseline -0.001 -14"><span class='ocrx_word' id='word_1_170' title='bbox 228 1642 422 1695; x_wconf 74' lang='grc' dir='ltr'><strong>ῥήγνυμι,</strong></span> <span class='ocrx_word' id='word_1_171' title='bbox 472 1645 593 1696; x_wconf 75' lang='grc' dir='ltr'><em>ῥῆξαι</em></span> <span class='ocrx_word' id='word_1_172' title='bbox 621 1650 728 1692; x_wconf 88' lang='lat' dir='ltr'><strong>cte.,</strong></span> <span class='ocrx_word' id='word_1_173' title='bbox 771 1642 846 1684; x_wconf 89' lang='lat' dir='ltr'><strong>sed</strong></span> <span class='ocrx_word' id='word_1_174' title='bbox 876 1642 1001 1683; x_wconf 87' lang='lat' dir='ltr'><strong>ctiam</strong></span> <span class='ocrx_word' id='word_1_175' title='bbox 1031 1641 1076 1682; x_wconf 89' lang='lat' dir='ltr'><strong>in</strong></span> <span class='ocrx_word' id='word_1_176' title='bbox 1106 1641 1263 1682; x_wconf 89' lang='lat' dir='ltr'><strong>tabulis</strong></span> <span class='ocrx_word' id='word_1_177' title='bbox 1294 1639 1676 1693; x_wconf 86' lang='lat' dir='ltr'><strong>Heracleensibus,</strong></span> 
     </span>
     <span class='ocr_line' id='line_1_22' title="bbox 227 1707 1677 1765; baseline -0.001 -15"><span class='ocrx_word' id='word_1_178' title='bbox 227 1709 477 1751; x_wconf 82' lang='lat' dir='ltr'><strong>certissimis</strong></span> <span class='ocrx_word' id='word_1_179' title='bbox 518 1709 698 1751; x_wconf 87' lang='lat' dir='ltr'><strong>Doridis</strong></span> <span class='ocrx_word' id='word_1_180' title='bbox 738 1710 957 1764; x_wconf 79' lang='lat' dir='ltr'><strong>fontibus,</strong></span> <span class='ocrx_word' id='word_1_181' title='bbox 1001 1710 1188 1763; x_wconf 55' lang='grc' dir='ltr'><strong>ἐςῐρηγεῖα</strong></span> <span class='ocrx_word' id='word_1_182' title='bbox 1229 1715 1271 1750; x_wconf 87' lang='lat' dir='ltr'><strong>et</strong></span> <span class='ocrx_word' id='word_1_183' title='bbox 1310 1708 1536 1762; x_wconf 72' lang='grc' dir='ltr'><em>ἄρ’ρηκτος,</em></span> <span class='ocrx_word' id='word_1_184' title='bbox 1584 1707 1677 1765; x_wconf 92' lang='lat' dir='ltr'><strong>qui-</strong></span> 
     </span>
     <span class='ocr_line' id='line_1_23' title="bbox 225 1774 1677 1835; baseline -0.002 -17"><span class='ocrx_word' id='word_1_185' title='bbox 225 1778 405 1819; x_wconf 89' lang='lat' dir='ltr'><strong>buscum</strong></span> <span class='ocrx_word' id='word_1_186' title='bbox 436 1777 682 1835; x_wconf 78' lang='lat' dir='ltr'><strong>conspirant</strong></span> <span class='ocrx_word' id='word_1_187' title='bbox 711 1778 919 1820; x_wconf 85' lang='lat' dir='ltr'><strong>Lesbiaca</strong></span> <span class='ocrx_word' id='word_1_188' title='bbox 950 1781 1104 1832; x_wconf 50' lang='lat' dir='ltr'><strong>1³95}oe</strong></span> <span class='ocrx_word' id='word_1_189' title='bbox 1140 1785 1182 1819; x_wconf 90' lang='lat' dir='ltr'><strong>ct</strong></span> <span class='ocrx_word' id='word_1_190' title='bbox 1214 1776 1418 1831; x_wconf 54' lang='grc' dir='ltr'><strong>αι’)ᾯηκτο,ι</strong></span> <span class='ocrx_word' id='word_1_191' title='bbox 1457 1775 1540 1818; x_wconf 76' lang='lat' dir='ltr'><strong>vid.</strong></span> <span class='ocrx_word' id='word_1_192' title='bbox 1574 1775 1626 1816; x_wconf 91' lang='lat' dir='ltr'><strong>L.</strong></span> <span class='ocrx_word' id='word_1_193' title='bbox 1658 1774 1677 1815; x_wconf 93' lang='lat'>1</span> 
     </span>
     <span class='ocr_line' id='line_1_24' title="bbox 227 1845 501 1898; baseline 0.004 -13"><span class='ocrx_word' id='word_1_194' title='bbox 227 1845 268 1898; x_wconf 64' lang='grc' dir='ltr'><strong>ξ.</strong></span> <span class='ocrx_word' id='word_1_195' title='bbox 302 1845 355 1898; x_wconf 83' lang='lat'><strong>5,</strong></span> <span class='ocrx_word' id='word_1_196' title='bbox 386 1846 426 1886; x_wconf 81' lang='lat'><strong>4.</strong></span> <span class='ocrx_word' id='word_1_197' title='bbox 463 1845 501 1886; x_wconf 88' lang='lat'><strong>5.</strong></span> 
     </span>
    </p>

    <p class='ocr_par' dir='ltr' id='par_1_4' title="bbox 226 1910 1677 2561">
     <span class='ocr_line' id='line_1_25' title="bbox 337 1910 1677 1970; baseline -0.001 -18"><span class='ocrx_word' id='word_1_198' title='bbox 337 1913 382 1963; x_wconf 83' lang='lat'><strong>4)</strong></span> <span class='ocrx_word' id='word_1_199' title='bbox 440 1913 490 1953; x_wconf 87' lang='lat' dir='ltr'><strong>ln</strong></span> <span class='ocrx_word' id='word_1_200' title='bbox 529 1913 693 1967; x_wconf 84' lang='lat' dir='ltr'><strong>titulis,</strong></span> <span class='ocrx_word' id='word_1_201' title='bbox 745 1914 820 1970; x_wconf 84' lang='lat' dir='ltr'><strong>qui</strong></span> <span class='ocrx_word' id='word_1_202' title='bbox 850 1928 938 1953; x_wconf 88' lang='lat' dir='ltr'><strong>non</strong></span> <span class='ocrx_word' id='word_1_203' title='bbox 969 1920 1068 1953; x_wconf 90' lang='lat' dir='ltr'><strong>sunt</strong></span> <span class='ocrx_word' id='word_1_204' title='bbox 1095 1912 1305 1969; x_wconf 84' lang='lat' dir='ltr'><strong>pessimae</strong></span> <span class='ocrx_word' id='word_1_205' title='bbox 1335 1911 1480 1952; x_wconf 85' lang='lat' dir='ltr'><strong>aetatis</strong></span> <span class='ocrx_word' id='word_1_206' title='bbox 1510 1926 1590 1952; x_wconf 90' lang='lat' dir='ltr'><strong>nec</strong></span> <span class='ocrx_word' id='word_1_207' title='bbox 1620 1910 1677 1951; x_wconf 88' lang='lat' dir='ltr'><strong>la-</strong></span> 
     </span>
     <span class='ocr_line' id='line_1_26' title="bbox 229 1978 1677 2036; baseline 0 -17"><span class='ocrx_word' id='word_1_208' title='bbox 229 1978 465 2036; x_wconf 86' lang='lat' dir='ltr'><strong>picidarum</strong></span> <span class='ocrx_word' id='word_1_209' title='bbox 509 1980 634 2036; x_wconf 82' lang='lat' dir='ltr'><strong>culpa</strong></span> <span class='ocrx_word' id='word_1_210' title='bbox 674 1988 746 2021; x_wconf 88' lang='lat' dir='ltr'><strong>aut</strong></span> <span class='ocrx_word' id='word_1_211' title='bbox 790 1980 1122 2021; x_wconf 83' lang='lat' dir='ltr'><strong>describentium</strong></span> <span class='ocrx_word' id='word_1_212' title='bbox 1167 1994 1310 2020; x_wconf 89' lang='lat' dir='ltr'><strong>errore</strong></span> <span class='ocrx_word' id='word_1_213' title='bbox 1361 1978 1677 2035; x_wconf 77' lang='lat' dir='ltr'><strong>negligentiave</strong></span> 
     </span>
     <span class='ocr_line' id='line_1_27' title="bbox 228 2046 1677 2104; baseline 0.001 -18"><span class='ocrx_word' id='word_1_214' title='bbox 228 2046 443 2103; x_wconf 82' lang='lat' dir='ltr'><strong>corrupti,</strong></span> <span class='ocrx_word' id='word_1_215' title='bbox 497 2046 607 2087; x_wconf 86' lang='lat' dir='ltr'><strong>nihil</strong></span> <span class='ocrx_word' id='word_1_216' title='bbox 633 2055 850 2104; x_wconf 88' lang='lat' dir='ltr'><strong>practerea</strong></span> <span class='ocrx_word' id='word_1_217' title='bbox 880 2054 1026 2088; x_wconf 91' lang='lat' dir='ltr'><strong>contra</strong></span> <span class='ocrx_word' id='word_1_218' title='bbox 1057 2046 1229 2103; x_wconf 77' lang='lat' dir='ltr'><strong>regulas</strong></span> <span class='ocrx_word' id='word_1_219' title='bbox 1259 2046 1499 2103; x_wconf 84' lang='lat' dir='ltr'><strong>propositas</strong></span> <span class='ocrx_word' id='word_1_220' title='bbox 1529 2062 1677 2104; x_wconf 85' lang='lat' dir='ltr'><strong>pccca-</strong></span> 
     </span>
     <span class='ocr_line' id='line_1_28' title="bbox 227 2113 1677 2172; baseline 0.002 -19"><span class='ocrx_word' id='word_1_221' title='bbox 227 2120 309 2154; x_wconf 88' lang='lat' dir='ltr'><strong>tur.</strong></span> <span class='ocrx_word' id='word_1_222' title='bbox 372 2113 681 2170; x_wconf 78' lang='lat' dir='ltr'><strong>Reliquorum,</strong></span> <span class='ocrx_word' id='word_1_223' title='bbox 714 2115 787 2172; x_wconf 88' lang='lat' dir='ltr'><strong>qui</strong></span> <span class='ocrx_word' id='word_1_224' title='bbox 817 2114 995 2155; x_wconf 86' lang='lat' dir='ltr'><strong>minoris</strong></span> <span class='ocrx_word' id='word_1_225' title='bbox 1029 2114 1128 2155; x_wconf 85' lang='lat' dir='ltr'><strong>fidei</strong></span> <span class='ocrx_word' id='word_1_226' title='bbox 1157 2122 1281 2167; x_wconf 77' lang='lat' dir='ltr'><strong>sunt,</strong></span> <span class='ocrx_word' id='word_1_227' title='bbox 1323 2114 1475 2155; x_wconf 87' lang='lat' dir='ltr'><strong>menda</strong></span> <span class='ocrx_word' id='word_1_228' title='bbox 1504 2129 1677 2156; x_wconf 89' lang='lat' dir='ltr'><strong>enumc-</strong></span> 
     </span>
     <span class='ocr_line' id='line_1_29' title="bbox 226 2180 1676 2239; baseline 0.002 -19"><span class='ocrx_word' id='word_1_229' title='bbox 226 2196 319 2221; x_wconf 88' lang='lat' dir='ltr'><strong>rare</strong></span> <span class='ocrx_word' id='word_1_230' title='bbox 350 2180 494 2238; x_wconf 79' lang='lat' dir='ltr'><strong>piget,</strong></span> <span class='ocrx_word' id='word_1_231' title='bbox 534 2197 612 2222; x_wconf 90' lang='lat' dir='ltr'><strong>nee</strong></span> <span class='ocrx_word' id='word_1_232' title='bbox 641 2182 776 2238; x_wconf 72' lang='lat' dir='ltr'><strong>magis</strong></span> <span class='ocrx_word' id='word_1_233' title='bbox 807 2182 1066 2223; x_wconf 80' lang='lat' dir='ltr'><strong>morabimur</strong></span> <span class='ocrx_word' id='word_1_234' title='bbox 1095 2182 1139 2222; x_wconf 90' lang='lat' dir='ltr'><strong>in</strong></span> <span class='ocrx_word' id='word_1_235' title='bbox 1170 2181 1442 2223; x_wconf 86' lang='lat' dir='ltr'><strong>librariorum</strong></span> <span class='ocrx_word' id='word_1_236' title='bbox 1471 2181 1676 2239; x_wconf 86' lang='lat' dir='ltr'><strong>pcccatis,</strong></span> 
     </span>
     <span class='ocr_line' id='line_1_30' title="bbox 227 2248 1677 2307; baseline 0.001 -19"><span class='ocrx_word' id='word_1_237' title='bbox 227 2248 384 2304; x_wconf 84' lang='lat' dir='ltr'><strong>quibus</strong></span> <span class='ocrx_word' id='word_1_238' title='bbox 416 2248 686 2306; x_wconf 81' lang='lat' dir='ltr'><strong>purissimam</strong></span> <span class='ocrx_word' id='word_1_239' title='bbox 718 2249 992 2306; x_wconf 70' lang='lat' dir='ltr'><strong>Epicharmi,</strong></span> <span class='ocrx_word' id='word_1_240' title='bbox 1027 2249 1294 2307; x_wconf 86' lang='lat' dir='ltr'><strong>Sophronis,</strong></span> <span class='ocrx_word' id='word_1_241' title='bbox 1339 2249 1519 2290; x_wconf 87' lang='lat' dir='ltr'><strong>aliorum</strong></span> <span class='ocrx_word' id='word_1_242' title='bbox 1548 2249 1677 2291; x_wconf 92' lang='lat' dir='ltr'><strong>Dori-</strong></span> 
     </span>
     <span class='ocr_line' id='line_1_31' title="bbox 227 2315 1676 2375; baseline 0.001 -19"><span class='ocrx_word' id='word_1_243' title='bbox 227 2315 321 2356; x_wconf 80' lang='lat' dir='ltr'><strong>dem</strong></span> <span class='ocrx_word' id='word_1_244' title='bbox 352 2316 727 2357; x_wconf 83' lang='lat' dir='ltr'><strong>commacularunt.</strong></span> <span class='ocrx_word' id='word_1_245' title='bbox 802 2317 954 2374; x_wconf 83' lang='lat' dir='ltr'><strong>Neque</strong></span> <span class='ocrx_word' id='word_1_246' title='bbox 999 2324 1136 2358; x_wconf 87' lang='lat' dir='ltr'><strong>tamen</strong></span> <span class='ocrx_word' id='word_1_247' title='bbox 1176 2317 1531 2375; x_wconf 87' lang='lat' dir='ltr'><strong>praetercundum</strong></span> <span class='ocrx_word' id='word_1_248' title='bbox 1561 2316 1676 2359; x_wconf 81' lang='lat' dir='ltr'><strong>vidc-</strong></span> 
     </span>
     <span class='ocr_line' id='line_1_32' title="bbox 230 2383 1676 2443; baseline 0.002 -21"><span class='ocrx_word' id='word_1_249' title='bbox 230 2389 319 2436; x_wconf 75' lang='lat' dir='ltr'><strong>tnr,</strong></span> <span class='ocrx_word' id='word_1_250' title='bbox 368 2383 482 2440; x_wconf 87' lang='lat' dir='ltr'><strong>quod</strong></span> <span class='ocrx_word' id='word_1_251' title='bbox 511 2384 621 2442; x_wconf 87' lang='lat' dir='ltr'><strong>apud</strong></span> <span class='ocrx_word' id='word_1_252' title='bbox 651 2385 791 2442; x_wconf 79' lang='lat' dir='ltr'><strong>ipsum</strong></span> <span class='ocrx_word' id='word_1_253' title='bbox 821 2385 1055 2425; x_wconf 86' lang='lat' dir='ltr'><strong>Pindarum</strong></span> <span class='ocrx_word' id='word_1_254' title='bbox 1085 2401 1366 2443; x_wconf 83' lang='lat' dir='ltr'><strong>quaeeunque</strong></span> <span class='ocrx_word' id='word_1_255' title='bbox 1399 2385 1486 2426; x_wconf 85' lang='lat' dir='ltr'><strong>illis</strong></span> <span class='ocrx_word' id='word_1_256' title='bbox 1513 2384 1676 2441; x_wconf 76' lang='lat' dir='ltr'><strong>regulis</strong></span> 
     </span>
     <span class='ocr_line' id='line_1_33' title="bbox 227 2450 1673 2509; baseline 0.002 -19"><span class='ocrx_word' id='word_1_257' title='bbox 227 2450 532 2504; x_wconf 70' lang='lat' dir='ltr'><strong>adversantur,</strong></span> <span class='ocrx_word' id='word_1_258' title='bbox 578 2468 665 2492; x_wconf 92' lang='lat' dir='ltr'><strong>non</strong></span> <span class='ocrx_word' id='word_1_259' title='bbox 704 2457 886 2509; x_wconf 72' lang='lat' dir='ltr'><strong>poetae,</strong></span> <span class='ocrx_word' id='word_1_260' title='bbox 932 2453 1007 2493; x_wconf 85' lang='lat' dir='ltr'><strong>sed</strong></span> <span class='ocrx_word' id='word_1_261' title='bbox 1045 2452 1230 2495; x_wconf 84' lang='lat' dir='ltr'><strong>librariis</strong></span> <span class='ocrx_word' id='word_1_262' title='bbox 1271 2452 1418 2496; x_wconf 87' lang='lat' dir='ltr'><strong>deberi</strong></span> <span class='ocrx_word' id='word_1_263' title='bbox 1461 2451 1673 2494; x_wconf 74' lang='lat' dir='ltr'><strong>videntur.</strong></span> 
     </span>
     <span class='ocr_line' id='line_1_34' title="bbox 228 2516 1200 2561; baseline 0.004 -4"><span class='ocrx_word' id='word_1_264' title='bbox 228 2517 278 2558; x_wconf 88' lang='lat' dir='ltr'><strong>ln</strong></span> <span class='ocrx_word' id='word_1_265' title='bbox 308 2516 515 2559; x_wconf 67' lang='lat' dir='ltr'><strong>Boeclahii</strong></span> <span class='ocrx_word' id='word_1_266' title='bbox 544 2519 730 2561; x_wconf 85' lang='lat' dir='ltr'><strong>editione</strong></span> <span class='ocrx_word' id='word_1_267' title='bbox 762 2521 863 2561; x_wconf 87' lang='lat' dir='ltr'><strong>hacc</strong></span> <span class='ocrx_word' id='word_1_268' title='bbox 893 2520 1041 2561; x_wconf 90' lang='lat' dir='ltr'><strong>relicta</strong></span> <span class='ocrx_word' id='word_1_269' title='bbox 1072 2528 1200 2561; x_wconf 84' lang='lat' dir='ltr'><strong>sunt:</strong></span> 
     </span>
    </p>

    <p class='ocr_par' dir='ltr' id='par_1_5' title="bbox 227 2586 1675 2847">
     <span class='ocr_line' id='line_1_35' title="bbox 339 2586 1675 2644; baseline 0.003 -20"><span class='ocrx_word' id='word_1_270' title='bbox 339 2587 538 2638; x_wconf 59' lang='grc' dir='ltr'><em>κρητὴρ</em></span> <span class='ocrx_word' id='word_1_271' title='bbox 574 2587 644 2628; x_wconf 83' lang='lat' dir='ltr'><strong>Ol.</strong></span> <span class='ocrx_word' id='word_1_272' title='bbox 680 2586 768 2635; x_wconf 75' lang='lat' dir='ltr'><strong>Vl,</strong></span> <span class='ocrx_word' id='word_1_273' title='bbox 799 2589 866 2629; x_wconf 75' lang='grc'><strong>91.</strong></span> <span class='ocrx_word' id='word_1_274' title='bbox 918 2588 1041 2629; x_wconf 62' lang='lat' dir='ltr'><strong>Nem.</strong></span> <span class='ocrx_word' id='word_1_275' title='bbox 1077 2588 1169 2641; x_wconf 79' lang='lat' dir='ltr'><strong>IX,</strong></span> <span class='ocrx_word' id='word_1_276' title='bbox 1199 2589 1268 2630; x_wconf 76' lang='grc'><strong>49.</strong></span> <span class='ocrx_word' id='word_1_277' title='bbox 1302 2588 1336 2628; x_wconf 92' lang='lat' dir='ltr'><strong>l.</strong></span> <span class='ocrx_word' id='word_1_278' title='bbox 1371 2587 1430 2641; x_wconf 80' lang='lat' dir='ltr'><strong>V,</strong></span> <span class='ocrx_word' id='word_1_279' title='bbox 1465 2589 1510 2637; x_wconf 89' lang='lat' dir='ltr'><strong>l,</strong></span> <span class='ocrx_word' id='word_1_280' title='bbox 1543 2603 1675 2644; x_wconf 83' lang='lat' dir='ltr'><strong>quan-</strong></span> 
     </span>
     <span class='ocr_line' id='line_1_36' title="bbox 228 2653 1675 2712; baseline 0.001 -20"><span class='ocrx_word' id='word_1_281' title='bbox 228 2667 354 2708; x_wconf 89' lang='lat' dir='ltr'><strong>quam</strong></span> <span class='ocrx_word' id='word_1_282' title='bbox 386 2668 472 2693; x_wconf 90' lang='lat' dir='ltr'><strong>non</strong></span> <span class='ocrx_word' id='word_1_283' title='bbox 503 2653 640 2694; x_wconf 89' lang='lat' dir='ltr'><strong>solum</strong></span> <span class='ocrx_word' id='word_1_284' title='bbox 671 2653 715 2694; x_wconf 92' lang='lat' dir='ltr'><strong>in</strong></span> <span class='ocrx_word' id='word_1_285' title='bbox 748 2655 918 2706; x_wconf 72' lang='grc' dir='ltr'><em>κεράσαι</em></span> <span class='ocrx_word' id='word_1_286' title='bbox 953 2673 977 2694; x_wconf 85' lang='grc' dir='ltr'>α</span> <span class='ocrx_word' id='word_1_287' title='bbox 1008 2664 1182 2712; x_wconf 85' lang='lat' dir='ltr'><strong>apparet</strong></span> <span class='ocrx_word' id='word_1_288' title='bbox 1221 2663 1262 2697; x_wconf 91' lang='lat' dir='ltr'><strong>ct</strong></span> <span class='ocrx_word' id='word_1_289' title='bbox 1292 2654 1377 2711; x_wconf 86' lang='lat' dir='ltr'><strong>ipsi</strong></span> <span class='ocrx_word' id='word_1_290' title='bbox 1405 2654 1542 2695; x_wconf 82' lang='lat' dir='ltr'><strong>Attici</strong></span> <span class='ocrx_word' id='word_1_291' title='bbox 1571 2671 1675 2707; x_wconf 80' lang='grc' dir='ltr'><em>κρα-</em></span> 
     </span>
     <span class='ocr_line' id='line_1_37' title="bbox 227 2719 1673 2779; baseline 0.002 -21"><span class='ocrx_word' id='word_1_292' title='bbox 227 2719 301 2773; x_wconf 62' lang='grc' dir='ltr'><strong>τήρ</strong></span> <span class='ocrx_word' id='word_1_293' title='bbox 333 2720 507 2773; x_wconf 81' lang='lat' dir='ltr'><strong>dicunt,</strong></span> <span class='ocrx_word' id='word_1_294' title='bbox 550 2721 624 2761; x_wconf 87' lang='lat' dir='ltr'><strong>sed</strong></span> <span class='ocrx_word' id='word_1_295' title='bbox 655 2721 778 2762; x_wconf 88' lang='lat' dir='ltr'><strong>etiam</strong></span> <span class='ocrx_word' id='word_1_296' title='bbox 812 2722 1046 2763; x_wconf 82' lang='lat' dir='ltr'><strong>Dorienses</strong></span> <span class='ocrx_word' id='word_1_297' title='bbox 1079 2723 1121 2763; x_wconf 91' lang='lat' dir='ltr'><strong>in</strong></span> <span class='ocrx_word' id='word_1_298' title='bbox 1153 2721 1467 2779; x_wconf 77' lang='lat' dir='ltr'><strong>cognatissimis</strong></span> <span class='ocrx_word' id='word_1_299' title='bbox 1496 2720 1673 2762; x_wconf 77' lang='lat' dir='ltr'><strong>vocibus</strong></span> 
     </span>
     <span class='ocr_line' id='line_1_38' title="bbox 231 2787 1669 2847; baseline 0.003 -21"><span class='ocrx_word' id='word_1_300' title='bbox 231 2787 254 2825; x_wconf 59' lang='grc' dir='ltr'><em>ά</em></span> <span class='ocrx_word' id='word_1_301' title='bbox 284 2787 531 2843; x_wconf 80' lang='lat' dir='ltr'><strong>proferunt,</strong></span> <span class='ocrx_word' id='word_1_302' title='bbox 565 2795 609 2829; x_wconf 88' lang='lat' dir='ltr'><strong>ut</strong></span> <span class='ocrx_word' id='word_1_303' title='bbox 641 2789 818 2843; x_wconf 70' lang='grc' dir='ltr'><em>ἄκρατος</em></span> <span class='ocrx_word' id='word_1_304' title='bbox 850 2790 998 2847; x_wconf 79' lang='lat' dir='ltr'><strong>Epich.</strong></span> <span class='ocrx_word' id='word_1_305' title='bbox 1036 2790 1112 2843; x_wconf 83' lang='lat'><strong>19,</strong></span> <span class='ocrx_word' id='word_1_306' title='bbox 1146 2791 1378 2843; x_wconf 73' lang='grc' dir='ltr'><em>κρατηρίζω</em></span> <span class='ocrx_word' id='word_1_307' title='bbox 1409 2788 1565 2846; x_wconf 89' lang='lat' dir='ltr'><strong>Sophr.</strong></span> <span class='ocrx_word' id='word_1_308' title='bbox 1599 2790 1669 2842; x_wconf 81' lang='lat'><strong>71,</strong></span> 
     </span>
    </p>
   </div>
  </div>
 </body>
</html>
