1779 3079
506 215 549 274 §.
583 217 629 262 2.
701 215 776 262 De
812 212 1039 261 fontibus.
1448 214 1514 264 23

179 347 250 396 16)
308 348 512 391 Italica
552 349 718 392 Doride
755 356 799 390 et
834 349 1168 391 Tarentinorum
1206 346 1388 389 maxime
1425 347 1512 389 dia·

64 415 178 458 lecto
218 416 390 458 Italicae
429 417 671 459 comoediae
710 421 861 475 po’etac
892 416 959 457 usi
990 423 1116 469 sunt,
1159 415 1377 469 Rhintho,
1421 413 1513 457 Sci-

61 499 159 538 ras,
205 483 415 538 Blaesus,
459 500 642 542 quorum
671 485 786 541 quod
815 482 1074 541 paucissima
1103 484 1338 539 fragmenta
1366 497 1512 539 super-

62 555 190 605 sunt,
221 567 329 609 quae
358 551 457 608 plus
488 567 613 608 quam
646 552 816 609 singula
846 551 976 594 verba
1001 550 1359 607 complectuntur,
1390 550 1512 592 valde

60 617 271 659 dolemus.
318 643 372 650 --
441 618 669 661 Uberrima
705 620 942 678 specimina
979 618 1214 660 ltaliotieae
1254 617 1428 673 linguae
1465 617 1511 659 in

59 685 256 742 reliquiis
298 685 668 743 Pythagoreorum
708 688 856 729 adesse
895 687 1116 729 videntur:
1176 684 1345 726 Timaei
1383 685 1512 727 Locri

57 752 170 794 libro
201 753 252 794 de
282 754 466 808 mundo,
513 771 639 812 quem
678 755 995 797 accuratissime
1028 753 1162 796 edidit
1191 753 1314 794 Imm.
1346 751 1511 793 Bekke-

58 835 132 860 rus
165 819 210 861 in
240 820 438 863 Platonis
468 823 655 864 editione
686 824 739 864 P.
773 824 838 865 ΙΙΙ
868 823 970 864 Vol.
1004 823 1067 864 III
1109 838 1152 879 p.
1188 820 1269 862 373
1311 819 1510 869 (varietas

56 885 258 929 lectionis
298 895 364 929 est
404 889 448 930 in
481 889 648 931 Comm.
683 890 791 932 Crit.
833 891 889 933 T.
921 891 964 932 II
1002 905 1046 947 p.
1078 886 1212 943 260);
1271 887 1426 929 deinde
1464 887 1510 928 in

54 954 245 997 Philolai
270 987 282 1009 ‚
354 957 574 1014 Archytae
628 958 946 1015 multorumque
1006 957 1187 998 aliorum
1239 955 1509 1013 fragmentis,

55 1037 240 1079 quorum
271 1024 475 1081 pleraque
516 1021 699 1066 servavit
729 1025 938 1067 Stobaeus
979 1024 1023 1065 in
1055 1024 1230 1081 Eelogis
1268 1031 1310 1066 ct
1337 1023 1382 1064 in
1412 1023 1510 1064 Flo-

55 1089 239 1146 rssegio,
280 1091 361 1132 alia
392 1092 654 1133 lamblichus
674 1123 685 1145 ‚
718 1092 1013 1149 Porphyrius,
1056 1091 1307 1149 Simplicius
1338 1099 1419 1133 etc.
1443 1094 1507 1145 3)3

53 1163 271 1213 postremo
302 1158 347 1198 in
377 1159 748 1216 Pythagoreorum
779 1159 1001 1216 epistolis,
1042 1174 1148 1217 quas
1179 1158 1355 1214 collegit
1384 1157 1508 1199 Orel-

52 1223 138 1265 lius
179 1224 224 1265 in
266 1224 519 1267 Socratis
560 1234 611 1268 et
653 1226 1096 1280 Socraticorum,
1149 1226 1507 1282 Pythagorae

51 1297 103 1333 et
139 1292 648 1350 Pythagoricorum
687 1295 949 1352 epistolis
989 1293 1111 1351 Lips.
1142 1294 1265 1336 1815.
1342 1295 1406 1334 At
1433 1293 1507 1334 diu
1555 1348 1559 1351 Ι

51 1365 144 1413 est,
176 1374 230 1400 ex
260 1376 345 1417 quo
376 1362 587 1403 nonnulla
617 1362 821 1416 istorum,
865 1369 912 1403 ut
936 1361 1104 1403 Timaei
1133 1361 1317 1414 librum,
1350 1376 1506 1419 suppo·

51 1426 192 1469 siticia
222 1443 315 1469 esse
346 1428 460 1471 inter
490 1446 638 1471 omnes
670 1437 861 1483 constat,
912 1429 964 1470 dc
1007 1429 1102 1470 aliis
1145 1428 1385 1470 dubitatum
1414 1436 1503 1483 est5,

50 1510 192 1552 nuper
235 1494 458 1554 Gruppius
502 1498 630 1549 (iiber
673 1499 742 1540 die
778 1499 1029 1554 Fraymenle
1070 1497 1142 1538 des
1172 1497 1378 1550 Archytas
1417 1497 1508 1538 und

52 1563 128 1604 der
166 1564 305 1605 iillern
334 1566 637 1621 Pyil1a90rec⁷·.
693 1568 842 1607 Berlin
881 1562 1017 1619 1840)
1058 1563 1222 1617 omnia,
1267 1563 1371 1605 solis
1402 1564 1504 1605 Phi-

50 1629 154 1671 lolai
182 1631 435 1687 fragmentis
477 1633 695 1691 exceptis,
756 1632 899 1689 spuria
939 1631 1165 1687 judicavit.
1240 1631 1328 1684 Qui
1368 1631 1504 1672 multo

51 1697 178 1739 etiam
209 1699 492 1741 confidentius
523 1716 613 1741 eam
644 1699 899 1742 sententiam
928 1699 1277 1756 pronuntiasset,
1307 1699 1344 1740 si
1373 1715 1395 1740 e
1418 1698 1505 1740 dia-

49 1765 162 1806 lecto
193 1774 443 1823 argumenta
473 1776 616 1825 petere
648 1767 875 1826 potuisset.
952 1766 1139 1807 Tantum
1168 1766 1282 1807 enim
1313 1767 1432 1808 abest
1462 1773 1507 1807 ut

49 1833 258 1875 Italiotica
285 1835 442 1888 Doris,
475 1836 645 1892 qualem
678 1842 974 1893 exspectamus
1006 1835 1050 1875 in
1080 1834 1284 1876 Italorum
1314 1835 1409 1890 ejus
1439 1850 1504 1875 ac-

49 1901 148 1941 tatis
177 1901 326 1957 libris,
373 1903 689 1960 conspiciatur,
738 1912 784 1944 ut
821 1919 907 1943 non
947 1902 1087 1944 solum
1116 1902 1315 1959 vulgares
1344 1903 1504 1943 formae

51 1968 260 2011 admixtae
302 1970 415 2024 sint,
462 1971 538 2012 scd
571 1972 697 2013 etiam
728 1970 960 2012 Lesbiacae
1002 1976 1044 2011 et
1072 1969 1270 2023 Ionicae,
1316 1977 1363 2010 ut
1391 1969 1506 2011 varia

50 2035 230 2077 Doridis
263 2054 420 2094 genera
448 2045 606 2080 temere
638 2039 881 2097 perturbata
912 2038 1024 2091 sint,
1058 2045 1274 2095 postremo
1304 2044 1352 2078 ut
1381 2037 1507 2078 etiam

56 2104 363 2160 hyperdoricae
394 2107 554 2148 formae
584 2107 707 2148 fictae
739 2107 852 2159 sint,
884 2105 1154 2163 potissimum
1184 2106 1210 2156 ἦ
1240 2112 1387 2147 contra
1416 2105 1506 2146 Do-

53 2171 159 2212 ridis
204 2172 321 2229 leges
362 2174 406 2214 in
449 2178 473 2214 ἆ
512 2183 688 2216 mutato.
765 2174 984 2215 Credibile
1027 2180 1114 2227 est,
1169 2173 1301 2214 multa
1340 2188 1505 2224 eorum,

54 2255 163 2295 quae
194 2247 339 2281 contra
369 2241 595 2283 dialectum
625 2250 797 2300 peccata
828 2249 928 2283 sunt
946 2272 958 2295 9
998 2240 1272 2282 librariorum
1302 2241 1371 2283 vel
1399 2239 1506 2281 osci-

53 2307 210 2348 tantiae
251 2308 319 2349 vel
357 2309 584 2351 temeritati
625 2310 795 2357 debe1·i;
857 2309 960 2350 adeo
1001 2308 1084 2365 ipsi
1124 2308 1308 2350 editores
1339 2305 1507 2349 dialecti

52 2375 418 2431 perturbationem
458 2385 682 2418 auxerunt..
758 2376 1001 2417 Hecrcnius
1044 2376 1216 2433 quidem
1256 2376 1300 2416 in
1332 2372 1506 2416 Stobaei

53 2442 230 2499 Eclogis
267 2442 477 2484 Doricum
516 2443 674 2486 idioma
715 2444 868 2502 partim
911 2444 1156 2502 neglectum
1198 2442 1338 2484 ubivis
1382 2440 1506 2483 etiam

99 2611 134 2652 3)
182 2610 302 2644 Multa
337 2609 491 2654 collegit
517 2613 733 2648 Orellius
767 2615 803 2648 in
832 2613 1093 2660 Opusculis
1127 2617 1341 2645 veterum
1369 2609 1506 2643 Grae-

55 2678 213 2701 corum
239 2669 555 2702 sententiosis
581 2679 623 2705 et
650 2672 937 2713 moralibus,
964 2672 1152 2715 Archytae
1172 2669 1375 2710 fragmenta
1399 2666 1506 2699 Har-

57 2724 351 2758 tensteinius
388 2726 422 2758 in
461 2726 722 2762 dissertatione
755 2729 801 2763 de
836 2730 1045 2774 Archyta
1073 2725 1224 2771 Lipsiae
1255 2726 1360 2765 1833,
1399 2724 1506 2758 Phi-

0 2803 1 2809 =
58 2781 168 2817 lolai
198 2782 379 2826 reliquias
408 2784 685 2821 Boeckhius
711 2788 748 2821 in
775 2788 966 2832 praeclaro
992 2786 1088 2820 libro
1114 2784 1160 2818 de
1187 2782 1374 2817 Philolao.
