<?xml version="1.0" encoding="UTF-8"?>
<!DOCTYPE html PUBLIC "-//W3C//DTD XHTML 1.0 Transitional//EN"
    "http://www.w3.org/TR/xhtml1/DTD/xhtml1-transitional.dtd">
<html xmlns="http://www.w3.org/1999/xhtml" xml:lang="en" lang="en">
 <head>
  <title>
</title>
<meta http-equiv="Content-Type" content="text/html;charset=utf-8" />
  <meta name='ocr-system' content='tesseract 3.04.00' />
  <meta name='ocr-capabilities' content='ocr_page ocr_carea ocr_par ocr_line ocrx_word'/>
</head>
<body>
  <div class='ocr_page' id='page_1' title='image "./degraecaelinguae01ahreuoft_0219.png"; bbox 0 0 1779 3079; ppageno 0'>
   <div class='ocr_carea' id='block_1_1' title="bbox 0 2327 12 2835">
    <p class='ocr_par' dir='ltr' id='par_1_1' title="bbox 0 2327 12 2835">
     <span class='ocr_line' id='line_1_1' title="bbox 0 2327 12 2835; baseline 0 0"><span class='ocrx_word' id='word_1_1' title='bbox 0 2327 12 2835; x_wconf 95' lang='lat' dir='ltr'><strong> </strong></span> 
     </span>
    </p>
   </div>
   <div class='ocr_carea' id='block_1_2' title="bbox 87 165 1534 231">
    <p class='ocr_par' dir='ltr' id='par_1_2' title="bbox 87 165 1534 231">
     <span class='ocr_line' id='line_1_2' title="bbox 87 165 1534 231; baseline -0.001 -17"><span class='ocrx_word' id='word_1_2' title='bbox 87 168 128 228; x_wconf 52' lang='grc' dir='ltr'><strong>ᾗ.</strong></span> <span class='ocrx_word' id='word_1_3' title='bbox 150 168 227 217; x_wconf 75' lang='lat'><strong>41.</strong></span> <span class='ocrx_word' id='word_1_4' title='bbox 278 171 352 216; x_wconf 87' lang='lat' dir='ltr'><strong>De</strong></span> <span class='ocrx_word' id='word_1_5' title='bbox 370 169 619 216; x_wconf 82' lang='lat' dir='ltr'><strong>Boeoticae</strong></span> <span class='ocrx_word' id='word_1_6' title='bbox 636 169 742 216; x_wconf 86' lang='lat' dir='ltr'><strong>dial.</strong></span> <span class='ocrx_word' id='word_1_7' title='bbox 767 168 817 215; x_wconf 90' lang='lat' dir='ltr'><strong>in</strong></span> <span class='ocrx_word' id='word_1_8' title='bbox 842 171 989 217; x_wconf 82' lang='lat' dir='ltr'><strong>vocal.</strong></span> <span class='ocrx_word' id='word_1_9' title='bbox 1020 168 1141 231; x_wconf 83' lang='lat' dir='ltr'>prof.</span> <span class='ocrx_word' id='word_1_10' title='bbox 1164 168 1363 216; x_wconf 77' lang='lat' dir='ltr'>inconst.</span> <span class='ocrx_word' id='word_1_11' title='bbox 1441 165 1534 215; x_wconf 85' lang='lat'><strong>197</strong></span> 
     </span>
    </p>
   </div>
   <div class='ocr_carea' id='block_1_3' title="bbox 33 302 1535 2327">
    <p class='ocr_par' dir='ltr' id='par_1_3' title="bbox 33 302 1535 1971">
     <span class='ocr_line' id='line_1_3' title="bbox 85 302 1530 363; baseline -0.001 -19"><span class='ocrx_word' id='word_1_12' title='bbox 85 304 246 346; x_wconf 80' lang='lat' dir='ltr'><strong>vocalis</strong></span> <span class='ocrx_word' id='word_1_13' title='bbox 289 303 404 363; x_wconf 84' lang='lat' dir='ltr'><strong>apud</strong></span> <span class='ocrx_word' id='word_1_14' title='bbox 446 305 632 347; x_wconf 85' lang='lat' dir='ltr'>Boeotos</span> <span class='ocrx_word' id='word_1_15' title='bbox 671 320 824 345; x_wconf 81' lang='lat' dir='ltr'>sonum</span> <span class='ocrx_word' id='word_1_16' title='bbox 869 304 1018 346; x_wconf 86' lang='lat' dir='ltr'><strong>eodem</strong></span> <span class='ocrx_word' id='word_1_17' title='bbox 1058 305 1183 346; x_wconf 89' lang='lat' dir='ltr'>modo</span> <span class='ocrx_word' id='word_1_18' title='bbox 1225 302 1530 360; x_wconf 69' lang='lat' dir='ltr'><strong>significarent.</strong></span> 
     </span>
     <span class='ocr_line' id='line_1_4' title="bbox 84 371 1532 429; baseline -0.001 -18"><span class='ocrx_word' id='word_1_19' title='bbox 84 371 271 414; x_wconf 83' lang='lat' dir='ltr'>Boeotos</span> <span class='ocrx_word' id='word_1_20' title='bbox 314 381 454 414; x_wconf 86' lang='lat' dir='ltr'><strong>autem</strong></span> <span class='ocrx_word' id='word_1_21' title='bbox 507 373 625 429; x_wconf 86' lang='lat' dir='ltr'><strong>ipsos</strong></span> <span class='ocrx_word' id='word_1_22' title='bbox 671 387 749 413; x_wconf 88' lang='lat' dir='ltr'><strong>eur</strong></span> <span class='ocrx_word' id='word_1_23' title='bbox 796 371 1018 429; x_wconf 73' lang='lat' dir='ltr'><strong>proprium</strong></span> <span class='ocrx_word' id='word_1_24' title='bbox 1059 389 1209 413; x_wconf 77' lang='lat' dir='ltr'>sonum</span> <span class='ocrx_word' id='word_1_25' title='bbox 1249 372 1411 413; x_wconf 71' lang='lat' dir='ltr'><strong>ratione</strong></span> <span class='ocrx_word' id='word_1_26' title='bbox 1448 387 1532 411; x_wconf 85' lang='lat' dir='ltr'><strong>non</strong></span> 
     </span>
     <span class='ocr_line' id='line_1_5' title="bbox 84 438 1532 496; baseline -0.001 -17"><span class='ocrx_word' id='word_1_27' title='bbox 84 438 208 480; x_wconf 71' lang='lat' dir='ltr'><strong>valde</strong></span> <span class='ocrx_word' id='word_1_28' title='bbox 253 440 470 496; x_wconf 86' lang='lat' dir='ltr'><strong>probanda</strong></span> <span class='ocrx_word' id='word_1_29' title='bbox 513 439 782 496; x_wconf 77' lang='lat' dir='ltr'><strong>expressisse</strong></span> <span class='ocrx_word' id='word_1_30' title='bbox 826 440 1058 496; x_wconf 72' lang='lat' dir='ltr'><strong>putamus?</strong></span> <span class='ocrx_word' id='word_1_31' title='bbox 1131 440 1245 481; x_wconf 49' lang='lat' dir='ltr'><strong>Tium</strong></span> <span class='ocrx_word' id='word_1_32' title='bbox 1288 441 1397 480; x_wconf 86' lang='lat' dir='ltr'><strong>forte</strong></span> <span class='ocrx_word' id='word_1_33' title='bbox 1438 438 1532 479; x_wconf 78' lang='lat' dir='ltr'><strong>lite-</strong></span> 
     </span>
     <span class='ocr_line' id='line_1_6' title="bbox 81 506 1535 564; baseline -0.001 -17"><span class='ocrx_word' id='word_1_34' title='bbox 81 522 226 547; x_wconf 87' lang='lat' dir='ltr'><strong>rarum</strong></span> <span class='ocrx_word' id='word_1_35' title='bbox 269 523 392 548; x_wconf 86' lang='lat' dir='ltr'><strong>usum</strong></span> <span class='ocrx_word' id='word_1_36' title='bbox 435 523 485 548; x_wconf 91' lang='lat' dir='ltr'><strong>eo</strong></span> <span class='ocrx_word' id='word_1_37' title='bbox 530 507 699 547; x_wconf 88' lang='lat' dir='ltr'><strong>demum</strong></span> <span class='ocrx_word' id='word_1_38' title='bbox 742 514 933 564; x_wconf 81' lang='lat' dir='ltr'><strong>tempore</strong></span> <span class='ocrx_word' id='word_1_39' title='bbox 981 506 1200 563; x_wconf 68' lang='lat' dir='ltr'><strong>accepisse</strong></span> <span class='ocrx_word' id='word_1_40' title='bbox 1216 540 1228 556; x_wconf 52' lang='lat'>³</span> <span class='ocrx_word' id='word_1_41' title='bbox 1290 523 1376 564; x_wconf 84' lang='lat' dir='ltr'><strong>quo</strong></span> <span class='ocrx_word' id='word_1_42' title='bbox 1421 506 1535 563; x_wconf 82' lang='lat' dir='ltr'><strong>apud</strong></span> 
     </span>
     <span class='ocr_line' id='line_1_7' title="bbox 82 574 1534 632; baseline -0.001 -16"><span class='ocrx_word' id='word_1_43' title='bbox 82 590 158 616; x_wconf 92' lang='lat' dir='ltr'><strong>eos</strong></span> <span class='ocrx_word' id='word_1_44' title='bbox 189 574 398 628; x_wconf 87' lang='lat' dir='ltr'><strong>Graecos,</strong></span> <span class='ocrx_word' id='word_1_45' title='bbox 450 574 564 615; x_wconf 90' lang='lat' dir='ltr'><strong>unde</strong></span> <span class='ocrx_word' id='word_1_46' title='bbox 605 574 871 632; x_wconf 75' lang='lat' dir='ltr'>acciperent,</span> <span class='ocrx_word' id='word_1_47' title='bbox 923 575 1128 631; x_wconf 77' lang='lat' dir='ltr'><strong>antiquus</strong></span> <span class='ocrx_word' id='word_1_48' title='bbox 1160 575 1320 614; x_wconf 62' lang='lat' dir='ltr'><strong>*vocalis</strong></span> <span class='ocrx_word' id='word_1_49' title='bbox 1350 579 1370 613; x_wconf 84' lang='grc' dir='ltr'><em>ῦ</em></span> <span class='ocrx_word' id='word_1_50' title='bbox 1403 589 1534 615; x_wconf 69' lang='lat' dir='ltr'><strong>sonus</strong></span> 
     </span>
     <span class='ocr_line' id='line_1_8' title="bbox 75 641 1534 698; baseline 0 -17"><span class='ocrx_word' id='word_1_51' title='bbox 75 641 165 697; x_wconf 85' lang='lat' dir='ltr'><strong>jam</strong></span> <span class='ocrx_word' id='word_1_52' title='bbox 194 649 376 682; x_wconf 87' lang='lat' dir='ltr'><strong>mutatus</strong></span> <span class='ocrx_word' id='word_1_53' title='bbox 408 649 546 691; x_wconf 88' lang='lat' dir='ltr'><strong>esset,</strong></span> <span class='ocrx_word' id='word_1_54' title='bbox 608 642 666 683; x_wconf 84' lang='lat' dir='ltr'><strong>ita</strong></span> <span class='ocrx_word' id='word_1_55' title='bbox 706 650 752 683; x_wconf 90' lang='lat' dir='ltr'><strong>ut</strong></span> <span class='ocrx_word' id='word_1_56' title='bbox 782 642 945 682; x_wconf 77' lang='lat' dir='ltr'><strong>nullam</strong></span> <span class='ocrx_word' id='word_1_57' title='bbox 987 641 1227 698; x_wconf 65' lang='lat' dir='ltr'><strong>simplicem</strong></span> <span class='ocrx_word' id='word_1_58' title='bbox 1269 641 1435 682; x_wconf 72' lang='lat' dir='ltr'><strong>literani</strong></span> <span class='ocrx_word' id='word_1_59' title='bbox 1466 658 1534 682; x_wconf 79' lang='lat' dir='ltr'><strong>re·-</strong></span> 
     </span>
     <span class='ocr_line' id='line_1_9' title="bbox 77 707 1531 767; baseline 0.001 -19"><span class='ocrx_word' id='word_1_60' title='bbox 77 707 294 764; x_wconf 82' lang='lat' dir='ltr'><strong>perirent,</strong></span> <span class='ocrx_word' id='word_1_61' title='bbox 350 726 432 767; x_wconf 87' lang='lat' dir='ltr'><strong>qua</strong></span> <span class='ocrx_word' id='word_1_62' title='bbox 464 726 614 751; x_wconf 85' lang='lat' dir='ltr'>sonum</span> <span class='ocrx_word' id='word_1_63' title='bbox 647 709 755 766; x_wconf 88' lang='lat' dir='ltr'><strong>ipsis</strong></span> <span class='ocrx_word' id='word_1_64' title='bbox 793 709 1012 766; x_wconf 79' lang='lat' dir='ltr'><strong>proprium</strong></span> <span class='ocrx_word' id='word_1_65' title='bbox 1054 710 1376 765; x_wconf 65' lang='lat' dir='ltr'><strong>significarent?</strong></span> <span class='ocrx_word' id='word_1_66' title='bbox 1446 709 1531 750; x_wconf 67' lang='lat' dir='ltr'><strong>Ne·</strong></span> 
     </span>
     <span class='ocr_line' id='line_1_10' title="bbox 76 776 1530 835; baseline 0.001 -20"><span class='ocrx_word' id='word_1_67' title='bbox 76 790 146 816; x_wconf 88' lang='lat' dir='ltr'><strong>mo</strong></span> <span class='ocrx_word' id='word_1_68' title='bbox 189 776 317 818; x_wconf 85' lang='lat' dir='ltr'><strong>facile</strong></span> <span class='ocrx_word' id='word_1_69' title='bbox 362 777 530 826; x_wconf 81' lang='lat' dir='ltr'><strong>credet,</strong></span> <span class='ocrx_word' id='word_1_70' title='bbox 589 777 840 834; x_wconf 84' lang='lat' dir='ltr'><strong>praesertim</strong></span> <span class='ocrx_word' id='word_1_71' title='bbox 885 794 1016 835; x_wconf 63' lang='lat' dir='ltr'><strong>qutun</strong></span> <span class='ocrx_word' id='word_1_72' title='bbox 1057 777 1270 829; x_wconf 77' lang='lat' dir='ltr'><strong>Romani,</strong></span> <span class='ocrx_word' id='word_1_73' title='bbox 1330 792 1439 833; x_wconf 82' lang='lat' dir='ltr'>quos</span> <span class='ocrx_word' id='word_1_74' title='bbox 1481 777 1530 817; x_wconf 92' lang='lat' dir='ltr'><strong>li-</strong></span> 
     </span>
     <span class='ocr_line' id='line_1_11' title="bbox 77 844 1530 901; baseline 0.002 -18"><span class='ocrx_word' id='word_1_75' title='bbox 77 850 189 884; x_wconf 75' lang='lat' dir='ltr'><strong>teras</strong></span> <span class='ocrx_word' id='word_1_76' title='bbox 228 852 326 901; x_wconf 85' lang='lat' dir='ltr'>post</span> <span class='ocrx_word' id='word_1_77' title='bbox 365 844 553 886; x_wconf 87' lang='lat' dir='ltr'><strong>Boeotos</strong></span> <span class='ocrx_word' id='word_1_78' title='bbox 591 844 810 901; x_wconf 78' lang='lat' dir='ltr'><strong>accepisse</strong></span> <span class='ocrx_word' id='word_1_79' title='bbox 849 845 1138 886; x_wconf 84' lang='lat' dir='ltr'><strong>certissimum</strong></span> <span class='ocrx_word' id='word_1_80' title='bbox 1177 845 1374 897; x_wconf 75' lang='lat' dir='ltr'><strong>videtur,</strong></span> <span class='ocrx_word' id='word_1_81' title='bbox 1429 860 1530 886; x_wconf 89' lang='lat' dir='ltr'><strong>eun-</strong></span> 
     </span>
     <span class='ocr_line' id='line_1_12' title="bbox 75 910 1531 969; baseline 0.002 -18"><span class='ocrx_word' id='word_1_82' title='bbox 75 910 172 951; x_wconf 87' lang='lat' dir='ltr'><strong>dem</strong></span> <span class='ocrx_word' id='word_1_83' title='bbox 214 913 376 954; x_wconf 75' lang='lat' dir='ltr'><strong>vocalis</strong></span> <span class='ocrx_word' id='word_1_84' title='bbox 419 929 570 954; x_wconf 90' lang='lat' dir='ltr'>sonum</span> <span class='ocrx_word' id='word_1_85' title='bbox 614 913 802 969; x_wconf 77' lang='lat' dir='ltr'><strong>simplici</strong></span> <span class='ocrx_word' id='word_1_86' title='bbox 841 913 965 954; x_wconf 88' lang='lat' dir='ltr'><strong>litera</strong></span> <span class='ocrx_word' id='word_1_87' title='bbox 1010 913 1198 955; x_wconf 82' lang='lat' dir='ltr'><strong>scribere</strong></span> <span class='ocrx_word' id='word_1_88' title='bbox 1240 929 1326 954; x_wconf 91' lang='lat' dir='ltr'><strong>non</strong></span> <span class='ocrx_word' id='word_1_89' title='bbox 1365 913 1531 954; x_wconf 88' lang='lat' dir='ltr'><strong>dubita-</strong></span> 
     </span>
     <span class='ocr_line' id='line_1_13' title="bbox 75 978 1530 1037; baseline 0.001 -18"><span class='ocrx_word' id='word_1_90' title='bbox 75 978 231 1020; x_wconf 65' lang='lat' dir='ltr'><strong>verint.</strong></span> <span class='ocrx_word' id='word_1_91' title='bbox 308 979 445 1036; x_wconf 64' lang='lat' dir='ltr'><strong>Igitur</strong></span> <span class='ocrx_word' id='word_1_92' title='bbox 474 981 626 1022; x_wconf 81' lang='lat' dir='ltr'>Boeoti</span> <span class='ocrx_word' id='word_1_93' title='bbox 657 981 761 1021; x_wconf 79' lang='lat' dir='ltr'><strong>olim</strong></span> <span class='ocrx_word' id='word_1_94' title='bbox 801 981 1066 1037; x_wconf 82' lang='lat' dir='ltr'><strong>scripserunt</strong></span> <span class='ocrx_word' id='word_1_95' title='bbox 1097 986 1141 1030; x_wconf 64' lang='lat'><strong>5,</strong></span> <span class='ocrx_word' id='word_1_96' title='bbox 1190 989 1364 1037; x_wconf 76' lang='lat' dir='ltr'><strong>postea,</strong></span> <span class='ocrx_word' id='word_1_97' title='bbox 1423 998 1530 1022; x_wconf 83' lang='lat' dir='ltr'>sono</span> 
     </span>
     <span class='ocr_line' id='line_1_14' title="bbox 74 1048 1529 1105; baseline 0.003 -19"><span class='ocrx_word' id='word_1_98' title='bbox 74 1062 162 1087; x_wconf 87' lang='lat' dir='ltr'><strong>non</strong></span> <span class='ocrx_word' id='word_1_99' title='bbox 202 1055 386 1101; x_wconf 87' lang='lat' dir='ltr'><strong>mutato,</strong></span> <span class='ocrx_word' id='word_1_100' title='bbox 436 1056 653 1089; x_wconf 78' lang='lat' dir='ltr'>mutarunt</span> <span class='ocrx_word' id='word_1_101' title='bbox 694 1048 971 1105; x_wconf 76' lang='lat' dir='ltr'><strong>scripturam,</strong></span> <span class='ocrx_word' id='word_1_102' title='bbox 1026 1065 1159 1105; x_wconf 81' lang='lat' dir='ltr'>quum</span> <span class='ocrx_word' id='word_1_103' title='bbox 1202 1049 1333 1090; x_wconf 86' lang='lat' dir='ltr'><strong>ceteri</strong></span> <span class='ocrx_word' id='word_1_104' title='bbox 1374 1048 1529 1090; x_wconf 80' lang='lat' dir='ltr'><strong>Graeci</strong></span> 
     </span>
     <span class='ocr_line' id='line_1_15' title="bbox 75 1113 1529 1174; baseline 0.001 -19"><span class='ocrx_word' id='word_1_105' title='bbox 75 1113 201 1170; x_wconf 73' lang='lat' dir='ltr'><strong>signo</strong></span> <span class='ocrx_word' id='word_1_106' title='bbox 234 1123 399 1156; x_wconf 73' lang='lat' dir='ltr'><strong>servato</strong></span> <span class='ocrx_word' id='word_1_107' title='bbox 429 1116 556 1157; x_wconf 86' lang='lat' dir='ltr'><strong>aliam</strong></span> <span class='ocrx_word' id='word_1_108' title='bbox 597 1116 991 1174; x_wconf 81' lang='lat' dir='ltr'>pronuntiationem</span> <span class='ocrx_word' id='word_1_109' title='bbox 1023 1117 1293 1158; x_wconf 70' lang='lat' dir='ltr'><strong>tribuissent.</strong></span> <span class='ocrx_word' id='word_1_110' title='bbox 1377 1117 1529 1159; x_wconf 79' lang='lat' dir='ltr'><strong>Boeoti</strong></span> 
     </span>
     <span class='ocr_line' id='line_1_16' title="bbox 72 1181 1529 1240; baseline 0.001 -18"><span class='ocrx_word' id='word_1_111' title='bbox 72 1181 207 1239; x_wconf 75' lang='lat' dir='ltr'><strong>igitur</strong></span> <span class='ocrx_word' id='word_1_112' title='bbox 238 1183 474 1240; x_wconf 78' lang='lat' dir='ltr'><strong>scripturae</strong></span> <span class='ocrx_word' id='word_1_113' title='bbox 505 1185 731 1225; x_wconf 80' lang='lat' dir='ltr'>mutandae</span> <span class='ocrx_word' id='word_1_114' title='bbox 761 1184 923 1225; x_wconf 85' lang='lat' dir='ltr'><strong>nnllam</strong></span> <span class='ocrx_word' id='word_1_115' title='bbox 955 1184 1171 1225; x_wconf 81' lang='lat' dir='ltr'><strong>habebant</strong></span> <span class='ocrx_word' id='word_1_116' title='bbox 1200 1200 1394 1234; x_wconf 83' lang='lat' dir='ltr'><strong>eausam,</strong></span> <span class='ocrx_word' id='word_1_117' title='bbox 1443 1184 1529 1225; x_wconf 83' lang='lat' dir='ltr'><strong>nisi</strong></span> 
     </span>
     <span class='ocr_line' id='line_1_17' title="bbox 74 1250 1526 1310; baseline 0.001 -20"><span class='ocrx_word' id='word_1_118' title='bbox 74 1257 120 1290; x_wconf 92' lang='lat' dir='ltr'><strong>ut</strong></span> <span class='ocrx_word' id='word_1_119' title='bbox 161 1250 206 1291; x_wconf 87' lang='lat' dir='ltr'><strong>in</strong></span> <span class='ocrx_word' id='word_1_120' title='bbox 247 1251 465 1292; x_wconf 88' lang='lat' dir='ltr'><strong>literarum</strong></span> <span class='ocrx_word' id='word_1_121' title='bbox 504 1268 610 1293; x_wconf 91' lang='lat' dir='ltr'>sono</span> <span class='ocrx_word' id='word_1_122' title='bbox 642 1251 727 1293; x_wconf 88' lang='lat' dir='ltr'><strong>sibi</strong></span> <span class='ocrx_word' id='word_1_123' title='bbox 768 1268 863 1293; x_wconf 89' lang='grc'>011111</span> <span class='ocrx_word' id='word_1_124' title='bbox 905 1252 1085 1310; x_wconf 70' lang='lat' dir='ltr'><strong>reliquis</strong></span> <span class='ocrx_word' id='word_1_125' title='bbox 1117 1252 1296 1293; x_wconf 78' lang='lat' dir='ltr'><strong>Graecis</strong></span> <span class='ocrx_word' id='word_1_126' title='bbox 1327 1252 1526 1293; x_wconf 74' lang='lat' dir='ltr'><strong>conveni-</strong></span> 
     </span>
     <span class='ocr_line' id='line_1_18' title="bbox 71 1319 1526 1377; baseline 0.001 -18"><span class='ocrx_word' id='word_1_127' title='bbox 71 1326 161 1371; x_wconf 88' lang='lat' dir='ltr'><strong>ret,</strong></span> <span class='ocrx_word' id='word_1_128' title='bbox 193 1320 466 1376; x_wconf 71' lang='lat' dir='ltr'><strong>quantumvis</strong></span> <span class='ocrx_word' id='word_1_129' title='bbox 497 1319 705 1362; x_wconf 86' lang='lat' dir='ltr'><strong>dialeetns</strong></span> <span class='ocrx_word' id='word_1_130' title='bbox 736 1320 1013 1376; x_wconf 76' lang='lat' dir='ltr'><strong>discreparet.</strong></span> <span class='ocrx_word' id='word_1_131' title='bbox 1090 1319 1242 1376; x_wconf 69' lang='lat' dir='ltr'><strong>Neque</strong></span> <span class='ocrx_word' id='word_1_132' title='bbox 1272 1336 1372 1361; x_wconf 63' lang='lat' dir='ltr'><strong>vero</strong></span> <span class='ocrx_word' id='word_1_133' title='bbox 1402 1319 1526 1377; x_wconf 80' lang='lat' dir='ltr'><strong>prius</strong></span> 
     </span>
     <span class='ocr_line' id='line_1_19' title="bbox 71 1385 1524 1447; baseline 0.002 -21"><span class='ocrx_word' id='word_1_134' title='bbox 71 1385 259 1427; x_wconf 87' lang='lat' dir='ltr'>Boeotos</span> <span class='ocrx_word' id='word_1_135' title='bbox 303 1389 522 1447; x_wconf 81' lang='lat' dir='ltr'><strong>antiquam</strong></span> <span class='ocrx_word' id='word_1_136' title='bbox 556 1388 810 1446; x_wconf 81' lang='lat' dir='ltr'><strong>scripturam</strong></span> <span class='ocrx_word' id='word_1_137' title='bbox 840 1387 892 1428; x_wconf 86' lang='lat' dir='ltr'><strong>ad</strong></span> <span class='ocrx_word' id='word_1_138' title='bbox 934 1387 1187 1444; x_wconf 69' lang='lat' dir='ltr'><strong>peregrinas</strong></span> <span class='ocrx_word' id='word_1_139' title='bbox 1219 1387 1427 1429; x_wconf 80' lang='lat' dir='ltr'><strong>dialectos</strong></span> <span class='ocrx_word' id='word_1_140' title='bbox 1458 1404 1524 1429; x_wconf 85' lang='lat' dir='ltr'><strong>ac—</strong></span> 
     </span>
     <span class='ocr_line' id='line_1_20' title="bbox 70 1455 1525 1513; baseline 0.001 -18"><span class='ocrx_word' id='word_1_141' title='bbox 70 1455 363 1497; x_wconf 82' lang='lat' dir='ltr'>commodasse</span> <span class='ocrx_word' id='word_1_142' title='bbox 393 1456 615 1513; x_wconf 81' lang='lat' dir='ltr'><strong>probabile</strong></span> <span class='ocrx_word' id='word_1_143' title='bbox 647 1463 738 1509; x_wconf 87' lang='lat' dir='ltr'><strong>est,</strong></span> <span class='ocrx_word' id='word_1_144' title='bbox 786 1472 912 1512; x_wconf 70' lang='lat' dir='ltr'><strong>quani</strong></span> <span class='ocrx_word' id='word_1_145' title='bbox 943 1455 1184 1496; x_wconf 77' lang='lat' dir='ltr'><strong>intercursu</strong></span> <span class='ocrx_word' id='word_1_146' title='bbox 1217 1470 1313 1495; x_wconf 79' lang='lat' dir='ltr'><strong>cum</strong></span> <span class='ocrx_word' id='word_1_147' title='bbox 1343 1456 1525 1513; x_wconf 85' lang='lat' dir='ltr'><strong>reliquis</strong></span> 
     </span>
     <span class='ocr_line' id='line_1_21' title="bbox 71 1521 1525 1581; baseline 0.002 -18"><span class='ocrx_word' id='word_1_148' title='bbox 71 1521 276 1564; x_wconf 81' lang='lat' dir='ltr'><strong>Graeciae</strong></span> <span class='ocrx_word' id='word_1_149' title='bbox 316 1523 490 1580; x_wconf 88' lang='lat' dir='ltr'><strong>populis</strong></span> <span class='ocrx_word' id='word_1_150' title='bbox 534 1532 656 1564; x_wconf 84' lang='lat' dir='ltr'><strong>aneto</strong></span> <span class='ocrx_word' id='word_1_151' title='bbox 696 1523 857 1565; x_wconf 84' lang='lat' dir='ltr'><strong>Dorica</strong></span> <span class='ocrx_word' id='word_1_152' title='bbox 898 1531 938 1564; x_wconf 84' lang='lat' dir='ltr'><strong>et</strong></span> <span class='ocrx_word' id='word_1_153' title='bbox 980 1523 1160 1565; x_wconf 66' lang='lat' dir='ltr'><strong>maxime</strong></span> <span class='ocrx_word' id='word_1_154' title='bbox 1190 1523 1336 1563; x_wconf 70' lang='lat' dir='ltr'><strong>Attica</strong></span> <span class='ocrx_word' id='word_1_155' title='bbox 1373 1524 1525 1581; x_wconf 73' lang='lat' dir='ltr'><strong>lingua</strong></span> 
     </span>
     <span class='ocr_line' id='line_1_22' title="bbox 69 1590 1523 1650; baseline 0.003 -20"><span class='ocrx_word' id='word_1_156' title='bbox 69 1590 208 1647; x_wconf 74' lang='lat' dir='ltr'><strong>magis</strong></span> <span class='ocrx_word' id='word_1_157' title='bbox 256 1590 480 1648; x_wconf 73' lang='lat' dir='ltr'><strong>magisque</strong></span> <span class='ocrx_word' id='word_1_158' title='bbox 530 1591 850 1643; x_wconf 73' lang='lat' dir='ltr'><strong>innotuissent,</strong></span> <span class='ocrx_word' id='word_1_159' title='bbox 904 1590 1063 1648; x_wconf 81' lang='lat' dir='ltr'><strong>quibus</strong></span> <span class='ocrx_word' id='word_1_160' title='bbox 1110 1591 1296 1648; x_wconf 81' lang='lat' dir='ltr'><strong>primum</strong></span> <span class='ocrx_word' id='word_1_161' title='bbox 1350 1592 1523 1650; x_wconf 81' lang='lat' dir='ltr'><strong>antiqua</strong></span> 
     </span>
     <span class='ocr_line' id='line_1_23' title="bbox 70 1657 1524 1716; baseline 0.002 -17"><span class='ocrx_word' id='word_1_162' title='bbox 70 1657 331 1700; x_wconf 87' lang='lat' dir='ltr'>Boeotorum</span> <span class='ocrx_word' id='word_1_163' title='bbox 372 1658 608 1716; x_wconf 86' lang='lat' dir='ltr'><strong>scriptura,</strong></span> <span class='ocrx_word' id='word_1_164' title='bbox 654 1676 752 1701; x_wconf 82' lang='lat' dir='ltr'><strong>mox</strong></span> <span class='ocrx_word' id='word_1_165' title='bbox 793 1659 884 1716; x_wconf 82' lang='lat' dir='ltr'><strong>ipsa</strong></span> <span class='ocrx_word' id='word_1_166' title='bbox 915 1659 1125 1700; x_wconf 82' lang='lat' dir='ltr'><strong>dialectus</strong></span> <span class='ocrx_word' id='word_1_167' title='bbox 1165 1659 1376 1715; x_wconf 55' lang='lat' dir='ltr'><strong>cessim).</strong></span> <span class='ocrx_word' id='word_1_168' title='bbox 1466 1661 1524 1702; x_wconf 83' lang='lat' dir='ltr'><strong>Et</strong></span> 
     </span>
     <span class='ocr_line' id='line_1_24' title="bbox 69 1725 1521 1783; baseline 0.003 -18"><span class='ocrx_word' id='word_1_169' title='bbox 69 1725 244 1782; x_wconf 77' lang='lat' dir='ltr'><strong>egregie</strong></span> <span class='ocrx_word' id='word_1_170' title='bbox 286 1726 562 1768; x_wconf 82' lang='lat' dir='ltr'><strong>confirmatur</strong></span> <span class='ocrx_word' id='word_1_171' title='bbox 605 1727 752 1783; x_wconf 87' lang='lat' dir='ltr'><strong>opinio</strong></span> <span class='ocrx_word' id='word_1_172' title='bbox 802 1735 946 1768; x_wconf 76' lang='lat' dir='ltr'><strong>nostra</strong></span> <span class='ocrx_word' id='word_1_173' title='bbox 986 1742 1036 1768; x_wconf 91' lang='lat' dir='ltr'><strong>eo</strong></span> <span class='ocrx_word' id='word_1_174' title='bbox 1078 1726 1194 1783; x_wconf 82' lang='lat' dir='ltr'>quod</span> <span class='ocrx_word' id='word_1_175' title='bbox 1233 1727 1278 1767; x_wconf 90' lang='lat' dir='ltr'><strong>in</strong></span> <span class='ocrx_word' id='word_1_176' title='bbox 1318 1727 1521 1771; x_wconf 83' lang='lat' dir='ltr'><strong>Boeotiae</strong></span> 
     </span>
     <span class='ocr_line' id='line_1_25' title="bbox 67 1791 1522 1850; baseline 0.003 -18"><span class='ocrx_word' id='word_1_177' title='bbox 67 1791 340 1849; x_wconf 88' lang='lat' dir='ltr'><strong>potissimum</strong></span> <span class='ocrx_word' id='word_1_178' title='bbox 362 1793 542 1847; x_wconf 87' lang='lat' dir='ltr'><strong>finibus,</strong></span> <span class='ocrx_word' id='word_1_179' title='bbox 576 1794 839 1836; x_wconf 79' lang='lat' dir='ltr'><strong>Orchomeui</strong></span> <span class='ocrx_word' id='word_1_180' title='bbox 861 1801 902 1835; x_wconf 87' lang='lat' dir='ltr'><strong>et</strong></span> <span class='ocrx_word' id='word_1_181' title='bbox 918 1794 1144 1850; x_wconf 72' lang='lat' dir='ltr'><strong>Tanagrae</strong></span> <span class='ocrx_word' id='word_1_182' title='bbox 1170 1811 1279 1836; x_wconf 62' lang='lat' dir='ltr'>nova</span> <span class='ocrx_word' id='word_1_183' title='bbox 1303 1797 1522 1837; x_wconf 85' lang='lat' dir='ltr'><strong>scribendi</strong></span> 
     </span>
     <span class='ocr_line' id='line_1_26' title="bbox 65 1859 1516 1919; baseline 0.003 -19"><span class='ocrx_word' id='word_1_184' title='bbox 65 1859 174 1900; x_wconf 88' lang='lat' dir='ltr'><strong>ratio</strong></span> <span class='ocrx_word' id='word_1_185' title='bbox 204 1860 440 1903; x_wconf 85' lang='lat' dir='ltr'><strong>invaluisse</strong></span> <span class='ocrx_word' id='word_1_186' title='bbox 465 1862 657 1917; x_wconf 75' lang='lat' dir='ltr'><strong>videtur,</strong></span> <span class='ocrx_word' id='word_1_187' title='bbox 689 1861 863 1919; x_wconf 83' lang='lat' dir='ltr'><strong>antiqua</strong></span> <span class='ocrx_word' id='word_1_188' title='bbox 890 1862 1115 1904; x_wconf 83' lang='lat' dir='ltr'><strong>tenebatur</strong></span> <span class='ocrx_word' id='word_1_189' title='bbox 1143 1862 1188 1903; x_wconf 92' lang='lat' dir='ltr'><strong>in</strong></span> <span class='ocrx_word' id='word_1_190' title='bbox 1220 1863 1360 1905; x_wconf 81' lang='lat' dir='ltr'><strong>media</strong></span> <span class='ocrx_word' id='word_1_191' title='bbox 1390 1872 1516 1919; x_wconf 82' lang='lat' dir='ltr'><strong>terra,</strong></span> 
     </span>
     <span class='ocr_line' id='line_1_27' title="bbox 33 1927 573 1971; baseline -0.002 -1"><span class='ocrx_word' id='word_1_192' title='bbox 33 1964 38 1970; x_wconf 75' lang='grc'>.</span> <span class='ocrx_word' id='word_1_193' title='bbox 64 1927 231 1969; x_wconf 89' lang='lat' dir='ltr'><strong>Thebis</strong></span> <span class='ocrx_word' id='word_1_194' title='bbox 262 1934 303 1969; x_wconf 90' lang='lat' dir='ltr'><strong>et</strong></span> <span class='ocrx_word' id='word_1_195' title='bbox 332 1928 573 1971; x_wconf 85' lang='lat' dir='ltr'><strong>Lebadeae.</strong></span> 
     </span>
    </p>

    <p class='ocr_par' dir='ltr' id='par_1_4' title="bbox 64 1995 1518 2327">
     <span class='ocr_line' id='line_1_28' title="bbox 177 1995 1517 2055; baseline 0.004 -19"><span class='ocrx_word' id='word_1_196' title='bbox 177 1995 273 2037; x_wconf 88' lang='lat' dir='ltr'><strong>Jam</strong></span> <span class='ocrx_word' id='word_1_197' title='bbox 312 2012 412 2038; x_wconf 74' lang='lat' dir='ltr'><strong>vero</strong></span> <span class='ocrx_word' id='word_1_198' title='bbox 453 2013 541 2038; x_wconf 91' lang='lat' dir='ltr'><strong>non</strong></span> <span class='ocrx_word' id='word_1_199' title='bbox 581 2013 682 2039; x_wconf 88' lang='lat' dir='ltr'><strong>casu</strong></span> <span class='ocrx_word' id='word_1_200' title='bbox 725 1998 872 2055; x_wconf 85' lang='lat' dir='ltr'><strong>aliquo</strong></span> <span class='ocrx_word' id='word_1_201' title='bbox 913 1998 1070 2039; x_wconf 79' lang='lat' dir='ltr'><strong>factum</strong></span> <span class='ocrx_word' id='word_1_202' title='bbox 1115 2008 1210 2052; x_wconf 87' lang='lat' dir='ltr'><strong>est,</strong></span> <span class='ocrx_word' id='word_1_203' title='bbox 1270 2007 1316 2040; x_wconf 91' lang='lat' dir='ltr'><strong>ut</strong></span> <span class='ocrx_word' id='word_1_204' title='bbox 1356 1999 1400 2040; x_wconf 90' lang='lat' dir='ltr'><strong>in</strong></span> <span class='ocrx_word' id='word_1_205' title='bbox 1444 1999 1517 2041; x_wconf 80' lang='lat' dir='ltr'><strong>iis-</strong></span> 
     </span>
     <span class='ocr_line' id='line_1_29' title="bbox 67 2063 1513 2123; baseline 0.002 -19"><span class='ocrx_word' id='word_1_206' title='bbox 67 2063 163 2104; x_wconf 86' lang='lat' dir='ltr'><strong>dem</strong></span> <span class='ocrx_word' id='word_1_207' title='bbox 191 2063 331 2105; x_wconf 83' lang='lat' dir='ltr'><strong>titulis</strong></span> <span class='ocrx_word' id='word_1_208' title='bbox 361 2079 502 2122; x_wconf 88' lang='lat' dir='ltr'><strong>neque</strong></span> <span class='ocrx_word' id='word_1_209' title='bbox 532 2065 555 2104; x_wconf 79' lang='grc' dir='ltr'><em>ὗ</em></span> <span class='ocrx_word' id='word_1_210' title='bbox 591 2064 638 2105; x_wconf 90' lang='lat' dir='ltr'><strong>in</strong></span> <span class='ocrx_word' id='word_1_211' title='bbox 670 2066 743 2119; x_wconf 73' lang='grc' dir='ltr'><strong>δῦ,</strong></span> <span class='ocrx_word' id='word_1_212' title='bbox 788 2082 928 2123; x_wconf 82' lang='lat' dir='ltr'><strong>neque</strong></span> <span class='ocrx_word' id='word_1_213' title='bbox 959 2067 999 2107; x_wconf 73' lang='grc' dir='ltr'><em>δῖ</em></span> <span class='ocrx_word' id='word_1_214' title='bbox 1028 2066 1097 2108; x_wconf 82' lang='lat' dir='ltr'><strong>vel</strong></span> <span class='ocrx_word' id='word_1_215' title='bbox 1127 2069 1157 2118; x_wconf 76' lang='grc' dir='ltr'>ᾧ</span> <span class='ocrx_word' id='word_1_216' title='bbox 1186 2069 1232 2107; x_wconf 88' lang='lat' dir='ltr'><strong>in</strong></span> <span class='ocrx_word' id='word_1_217' title='bbox 1263 2068 1284 2106; x_wconf 80' lang='grc' dir='ltr'><em>ὗ</em></span> <span class='ocrx_word' id='word_1_218' title='bbox 1314 2074 1513 2109; x_wconf 84' lang='lat' dir='ltr'><strong>mutetur.</strong></span> 
     </span>
     <span class='ocr_line' id='line_1_30' title="bbox 69 2129 1518 2192; baseline 0.004 -22"><span class='ocrx_word' id='word_1_219' title='bbox 69 2129 215 2183; x_wconf 83' lang='lat' dir='ltr'>Quum</span> <span class='ocrx_word' id='word_1_220' title='bbox 265 2131 380 2173; x_wconf 87' lang='lat' dir='ltr'><strong>enim</strong></span> <span class='ocrx_word' id='word_1_221' title='bbox 421 2133 658 2174; x_wconf 86' lang='lat' dir='ltr'><strong>cavendum</strong></span> <span class='ocrx_word' id='word_1_222' title='bbox 702 2141 840 2183; x_wconf 85' lang='lat' dir='ltr'><strong>esset,</strong></span> <span class='ocrx_word' id='word_1_223' title='bbox 899 2149 953 2174; x_wconf 92' lang='lat' dir='ltr'><strong>ne</strong></span> <span class='ocrx_word' id='word_1_224' title='bbox 997 2134 1144 2175; x_wconf 81' lang='lat' dir='ltr'><strong>eadem</strong></span> <span class='ocrx_word' id='word_1_225' title='bbox 1188 2134 1313 2176; x_wconf 86' lang='lat' dir='ltr'><strong>litera</strong></span> <span class='ocrx_word' id='word_1_226' title='bbox 1359 2134 1518 2192; x_wconf 82' lang='lat' dir='ltr'><strong>duplex</strong></span> 
     </span>
     <span class='ocr_line' id='line_1_31' title="bbox 65 2198 1518 2259; baseline 0.005 -22"><span class='ocrx_word' id='word_1_227' title='bbox 65 2213 222 2239; x_wconf 86' lang='lat' dir='ltr'><strong>munus</strong></span> <span class='ocrx_word' id='word_1_228' title='bbox 254 2198 513 2253; x_wconf 76' lang='lat' dir='ltr'><strong>sustineret,</strong></span> <span class='ocrx_word' id='word_1_229' title='bbox 553 2215 631 2257; x_wconf 91' lang='lat' dir='ltr'><strong>pro</strong></span> <span class='ocrx_word' id='word_1_230' title='bbox 664 2200 704 2242; x_wconf 79' lang='grc' dir='ltr'><strong><em>ὄῖ</em></strong></span> <span class='ocrx_word' id='word_1_231' title='bbox 734 2208 775 2242; x_wconf 90' lang='lat' dir='ltr'><strong>et</strong></span> <span class='ocrx_word' id='word_1_232' title='bbox 805 2201 834 2252; x_wconf 78' lang='grc' dir='ltr'><em>ᾧ</em></span> <span class='ocrx_word' id='word_1_233' title='bbox 863 2216 951 2242; x_wconf 87' lang='grc'>11011</span> <span class='ocrx_word' id='word_1_234' title='bbox 978 2209 1145 2258; x_wconf 84' lang='lat' dir='ltr'><strong>poterat</strong></span> <span class='ocrx_word' id='word_1_235' title='bbox 1180 2209 1201 2242; x_wconf 85' lang='grc' dir='ltr'>ῦ</span> <span class='ocrx_word' id='word_1_236' title='bbox 1240 2202 1376 2259; x_wconf 77' lang='lat' dir='ltr'>(quod</span> <span class='ocrx_word' id='word_1_237' title='bbox 1404 2203 1518 2244; x_wconf 80' lang='lat' dir='ltr'><strong>haud</strong></span> 
     </span>
     <span class='ocr_line' id='line_1_32' title="bbox 64 2264 1514 2327; baseline 0.005 -22"><span class='ocrx_word' id='word_1_238' title='bbox 64 2264 196 2309; x_wconf 80' lang='lat' dir='ltr'><strong>dubie</strong></span> <span class='ocrx_word' id='word_1_239' title='bbox 239 2281 345 2307; x_wconf 90' lang='lat' dir='ltr'>sono</span> <span class='ocrx_word' id='word_1_240' title='bbox 384 2267 499 2326; x_wconf 85' lang='lat' dir='ltr'><strong>apud</strong></span> <span class='ocrx_word' id='word_1_241' title='bbox 533 2267 728 2326; x_wconf 86' lang='lat' dir='ltr'><strong>reliquos</strong></span> <span class='ocrx_word' id='word_1_242' title='bbox 767 2267 957 2312; x_wconf 82' lang='lat' dir='ltr'><strong>Graecos</strong></span> <span class='ocrx_word' id='word_1_243' title='bbox 1000 2268 1158 2311; x_wconf 84' lang='lat' dir='ltr'><strong>usitato</strong></span> <span class='ocrx_word' id='word_1_244' title='bbox 1193 2270 1514 2327; x_wconf 86' lang='lat' dir='ltr'><strong>pronuntiatum</strong></span> 
     </span>
    </p>
   </div>
   <div class='ocr_carea' id='block_1_4' title="bbox 62 2468 1512 2786">
    <p class='ocr_par' dir='ltr' id='par_1_5' title="bbox 62 2468 1512 2786">
     <span class='ocr_line' id='line_1_33' title="bbox 106 2468 1512 2516; baseline 0.004 -16"><span class='ocrx_word' id='word_1_245' title='bbox 106 2468 143 2508; x_wconf 83' lang='lat'><strong>2)</strong></span> <span class='ocrx_word' id='word_1_246' title='bbox 192 2469 275 2501; x_wconf 67' lang='lat' dir='ltr'>Non</span> <span class='ocrx_word' id='word_1_247' title='bbox 306 2468 432 2512; x_wconf 81' lang='lat' dir='ltr'><strong>aliter,</strong></span> <span class='ocrx_word' id='word_1_248' title='bbox 470 2469 533 2512; x_wconf 91' lang='lat' dir='ltr'><strong>qui</strong></span> <span class='ocrx_word' id='word_1_249' title='bbox 566 2469 677 2504; x_wconf 87' lang='lat' dir='ltr'><strong>hodie</strong></span> <span class='ocrx_word' id='word_1_250' title='bbox 703 2470 923 2505; x_wconf 84' lang='lat' dir='ltr'><strong>Germaniae</strong></span> <span class='ocrx_word' id='word_1_251' title='bbox 955 2471 1145 2506; x_wconf 77' lang='lat' dir='ltr'><strong>inferioris</strong></span> <span class='ocrx_word' id='word_1_252' title='bbox 1169 2472 1327 2507; x_wconf 78' lang='lat' dir='ltr'><strong>dialecto</strong></span> <span class='ocrx_word' id='word_1_253' title='bbox 1353 2478 1512 2516; x_wconf 76' lang='lat' dir='ltr'><strong>utuntur,</strong></span> 
     </span>
     <span class='ocr_line' id='line_1_34' title="bbox 63 2523 1510 2575; baseline 0.006 -18"><span class='ocrx_word' id='word_1_254' title='bbox 63 2523 107 2557; x_wconf 84' lang='lat' dir='ltr'><strong>ad</strong></span> <span class='ocrx_word' id='word_1_255' title='bbox 134 2525 270 2558; x_wconf 78' lang='lat' dir='ltr'><strong>vocalis</strong></span> <span class='ocrx_word' id='word_1_256' title='bbox 295 2530 313 2558; x_wconf 68' lang='lat' dir='ltr'><strong>a</strong></span> <span class='ocrx_word' id='word_1_257' title='bbox 346 2526 568 2569; x_wconf 83' lang='lat' dir='ltr'><strong>peculiarem</strong></span> <span class='ocrx_word' id='word_1_258' title='bbox 600 2539 727 2561; x_wconf 87' lang='lat' dir='ltr'>sonum</span> <span class='ocrx_word' id='word_1_259' title='bbox 763 2529 840 2570; x_wconf 77' lang='lat' dir='ltr'><strong>(tlze</strong></span> <span class='ocrx_word' id='word_1_260' title='bbox 873 2530 991 2563; x_wconf 82' lang='lat' dir='ltr'>broad</span> <span class='ocrx_word' id='word_1_261' title='bbox 1018 2531 1178 2564; x_wconf 65' lang='lat' dir='ltr'><strong>German</strong></span> <span class='ocrx_word' id='word_1_262' title='bbox 1210 2532 1350 2572; x_wconf 79' lang='lat' dir='ltr'>sozmd)</span> <span class='ocrx_word' id='word_1_263' title='bbox 1384 2531 1510 2575; x_wconf 79' lang='lat' dir='ltr'><strong>expri-</strong></span> 
     </span>
     <span class='ocr_line' id='line_1_35' title="bbox 63 2582 1511 2631; baseline 0.008 -19"><span class='ocrx_word' id='word_1_264' title='bbox 63 2582 230 2614; x_wconf 80' lang='lat' dir='ltr'><strong>mendum</strong></span> <span class='ocrx_word' id='word_1_265' title='bbox 263 2582 426 2617; x_wconf 82' lang='lat' dir='ltr'><strong>scribunt</strong></span> <span class='ocrx_word' id='word_1_266' title='bbox 460 2591 653 2627; x_wconf 75' lang='lat' dir='ltr'><strong>woater3</strong></span> <span class='ocrx_word' id='word_1_267' title='bbox 692 2588 846 2628; x_wconf 77' lang='lat' dir='ltr'><strong>majores</strong></span> <span class='ocrx_word' id='word_1_268' title='bbox 871 2586 986 2620; x_wconf 71' lang='lat' dir='ltr'><strong>nostri</strong></span> <span class='ocrx_word' id='word_1_269' title='bbox 1011 2588 1237 2631; x_wconf 78' lang='lat' dir='ltr'><strong>scripserunt</strong></span> <span class='ocrx_word' id='word_1_270' title='bbox 1269 2594 1437 2630; x_wconf 82' lang='lat' dir='ltr'><strong>water,</strong></span> <span class='ocrx_word' id='word_1_271' title='bbox 1475 2597 1511 2624; x_wconf 88' lang='lat' dir='ltr'><strong>ut</strong></span> 
     </span>
     <span class='ocr_line' id='line_1_36' title="bbox 62 2638 1511 2689; baseline 0.007 -20"><span class='ocrx_word' id='word_1_272' title='bbox 62 2638 264 2674; x_wconf 76' lang='lat' dir='ltr'><strong>etiamnunc</strong></span> <span class='ocrx_word' id='word_1_273' title='bbox 298 2641 422 2683; x_wconf 78' lang='lat' dir='ltr'><strong>Angli.</strong></span> <span class='ocrx_word' id='word_1_274' title='bbox 492 2641 589 2683; x_wconf 78' lang='lat' dir='ltr'><strong>Sed,</strong></span> <span class='ocrx_word' id='word_1_275' title='bbox 628 2650 819 2686; x_wconf 77' lang='lat' dir='ltr'>postquam</span> <span class='ocrx_word' id='word_1_276' title='bbox 852 2644 986 2678; x_wconf 74' lang='lat' dir='ltr'><strong>invasit</strong></span> <span class='ocrx_word' id='word_1_277' title='bbox 1017 2652 1052 2678; x_wconf 80' lang='lat' dir='ltr'><strong>et</strong></span> <span class='ocrx_word' id='word_1_278' title='bbox 1086 2644 1275 2688; x_wconf 79' lang='lat' dir='ltr'><strong>superavit</strong></span> <span class='ocrx_word' id='word_1_279' title='bbox 1308 2645 1511 2689; x_wconf 83' lang='lat' dir='ltr'><strong>superioris</strong></span> 
     </span>
     <span class='ocr_line' id='line_1_37' title="bbox 62 2694 1508 2746; baseline 0.007 -19"><span class='ocrx_word' id='word_1_280' title='bbox 62 2694 278 2731; x_wconf 84' lang='lat' dir='ltr'><strong>Germaniae</strong></span> <span class='ocrx_word' id='word_1_281' title='bbox 304 2698 500 2741; x_wconf 79' lang='lat' dir='ltr'><strong>dialectus,</strong></span> <span class='ocrx_word' id='word_1_282' title='bbox 534 2699 580 2732; x_wconf 87' lang='lat' dir='ltr'><strong>ad</strong></span> <span class='ocrx_word' id='word_1_283' title='bbox 607 2699 710 2743; x_wconf 86' lang='lat' dir='ltr'><strong>hujus</strong></span> <span class='ocrx_word' id='word_1_284' title='bbox 742 2701 1074 2744; x_wconf 81' lang='lat' dir='ltr'><strong>pronuntiationem</strong></span> <span class='ocrx_word' id='word_1_285' title='bbox 1100 2702 1281 2746; x_wconf 77' lang='lat' dir='ltr'><strong>scriptura</strong></span> <span class='ocrx_word' id='word_1_286' title='bbox 1306 2714 1508 2738; x_wconf 73' lang='lat' dir='ltr'><strong>accommo-²</strong></span> 
     </span>
     <span class='ocr_line' id='line_1_38' title="bbox 63 2750 178 2786; baseline 0.026 -3"><span class='ocrx_word' id='word_1_287' title='bbox 63 2750 178 2786; x_wconf 82' lang='lat' dir='ltr'><strong>datur.</strong></span> 
     </span>
    </p>
   </div>
  </div>
 </body>
</html>
