1779 3079
421 211 462 268 ᾗ.
495 211 575 259 28.
649 211 722 256 De
757 208 1074 255 declinatione
1114 208 1145 252 l.
1410 206 1509 253 223

60 356 174 390 terea
204 347 373 389 nullum
405 346 546 387 dualis
577 344 837 400 vestigium,
869 357 922 383 ne
953 341 1067 398 apud
1086 340 1392 383 Archimedem
1413 340 1508 398 qui-

14 434 17 436 *
62 417 182 470 dem,
214 415 290 472 qui
321 430 446 472 quam
478 429 604 471 saepe
635 427 685 454 eo
717 425 894 451 numero
925 411 986 449 uti
1020 410 1232 466 potuerit,
1268 409 1396 450 facile
1420 408 1508 449 exi-

64 483 286 538 stimabis,
328 498 424 523 nam
456 497 534 539 pro
564 479 766 520 ἑπιπέδοιν
798 477 850 519 de
881 477 1067 518 Conoid.
1101 494 1144 534 p.
1178 478 1261 519 290
1290 494 1312 519 c
1341 477 1510 518 Basile-

63 553 158 594 ensi
189 558 232 593 et
261 550 453 609 quinque
483 546 706 589 codicibus
736 546 942 593 ἐπιπέδοις
966 546 1259 602 reponendum
1280 552 1361 597 cst,
1394 544 1511 602 quod

64 620 179 662 idem
219 619 263 659 in
303 616 524 659 simillimo
565 615 660 656 loco
699 630 742 670 p.
785 613 868 656 292
906 612 1068 669 leg-itur
1107 620 1149 653 ct
1189 613 1375 669 saepius.
1453 612 1512 653 Et

67 688 196 729 sicuti
226 685 338 743 apud
366 686 482 725 hune
513 682 627 724 haud
665 698 760 723 raro
802 683 944 739 ipsum
982 680 1203 721 numerale
1244 679 1340 729 δύο,
1395 680 1511 738 quod

66 755 234 796 dualem
264 768 389 810 quam
420 754 604 792 maxime
634 751 850 807 postulare
879 748 1072 800 videtur,
1105 763 1199 789 cum
1229 747 1386 805 plurali
1410 749 1512 803 jun-

65 822 208 880 gitur,
268 821 326 861 ita
364 835 450 863 nou
489 819 633 861 minus
674 819 718 859 iu
754 818 938 875 reliquis
977 816 1171 858 fontibus
1210 816 1280 857 vel
1319 814 1510 871 optimis.

64 889 129 931 Ita
162 889 207 930 in
239 888 413 930 Heracl.
449 888 655 943 leguntur
687 885 758 928 δύο
793 885 1014 940 ἀπέχοντας
1043 884 1090 938 Ι,
1121 886 1190 928 29.
1225 884 1294 925 31.
1326 884 1406 935 34,
1436 882 1514 924 πό-

66 959 131 1004 δες
176 956 247 997 δύο
285 956 354 1009 Π,
388 954 455 996 55.
491 956 569 1009 56,
616 956 720 994 δυῶν
749 952 922 1006 τριγύων
962 952 1030 1006 Π,
1061 954 1142 1002 21,
1189 953 1294 991 δυῶν
1324 952 1513 1006 χοινι’κων

65 1025 133 1078 Π,
166 1025 220 1067 36
251 1031 362 1077 etc.,
409 1023 454 1064 iu
484 1022 626 1064 Rhod.
661 1022 788 1074 2525,
807 1021 833 1062 b
869 1020 1087 1074 στεφάνοις
1118 1021 1210 1060 δυσί
1246 1027 1288 1060 et
1319 1018 1514 1066 ἁτελειάις

68 1094 183 1142 δυσί,
231 1086 387 1148 Epich'.
421 1091 476 1133 89
519 1090 700 1144 σκόροδα
741 1089 810 1130 δύο
852 1092 922 1129 καὶ
959 1089 1199 1142 γαθυλλίδες
1240 1087 1311 1128 δύο
1351 1095 1392 1128 et
1431 1087 1516 1128 alia

66 1159 314 1217 complura,
370 1159 500 1201 simul
542 1157 781 1213 intelligis,
832 1156 982 1199 eodem
1021 1156 1238 1215 pertinere
1281 1155 1515 1197 numeralis

64 1227 185 1270 vocis
226 1226 297 1268 δύο
335 1226 379 1267 in
410 1226 576 1269 Doride
622 1225 954 1267 declinationem
993 1225 1174 1283 pluralis
1204 1224 1515 1265 terminationi-

65 1296 147 1337 bus
177 1311 325 1348 usam‚
373 1296 476 1335 δυοῖν
519 1302 560 1335 et
601 1295 692 1334 δυσί
732 1294 821 1335 vid.
854 1294 895 1347 ξ.
929 1293 998 1335 34.
1072 1292 1230 1334 Dualis
1273 1290 1517 1333 terminatio

68 1371 230 1405 servata
261 1370 325 1404 est
352 1363 397 1403 in
431 1362 551 1415 ἄμφω
583 1369 624 1403 ct
655 1361 834 1415 ἀμφοῖν,
869 1361 945 1403 sed
975 1361 1102 1402 ctiam
1126 1362 1207 1402 hoc
1236 1376 1333 1402 cum
1358 1359 1519 1418 plurali

61 1430 267 1488 jungitur
303 1430 504 1487 Thucyd.
538 1430 596 1483 V,
628 1431 682 1472 79
727 1429 877 1483 ἀμφοῖν
914 1430 1003 1477 ταῖς
1040 1431 1248 1479 πολίεσσι,
1295 1429 1353 1470 cf.
1398 1428 1516 1469 Cret.

66 1499 176 1542 2556
206 1498 455 1552 ἀμφοτέραις
483 1499 572 1546 ταῖς
601 1498 756 1539 πόλεσι.
820 1497 935 1539 Satis
965 1497 1138 1555 quidem
1171 1503 1362 1545 constat,
1406 1495 1519 1536 Atti-

68 1582 142 1608 cae
182 1582 354 1625 quoque
395 1567 578 1608 dialecto
622 1566 890 1607 simillimum
922 1565 1106 1623 pluralis
1137 1581 1214 1622 pro
1248 1565 1366 1605 duali
1395 1580 1522 1605 usum

66 1635 230 1688 licere,
261 1650 392 1691 quare
423 1634 606 1675 Doridis
636 1634 912 1691 potissimum
946 1635 990 1674 iu
1020 1634 1098 1674 hae
1128 1649 1174 1674 re
1206 1632 1446 1674 constantia
1479 1638 1522 1673 et

68 1702 188 1744 vocis
220 1701 290 1743 δύο
322 1701 610 1743 declinatione
642 1701 834 1743 nitimur.
905 1701 1131 1742 Praeterea
1163 1708 1309 1742 notatu
1341 1700 1524 1757 dignum

71 1777 138 1812 est
178 1769 540 1826 Aristophanem,
586 1770 661 1827 qui
705 1778 951 1811 constanter
981 1769 1099 1810 duali
1129 1766 1183 1808 τώ
1219 1770 1338 1818 σκέλη
1369 1768 1522 1820 utitur,

69 1838 282 1896 pluralem
313 1841 467 1878 καττῶν
501 1841 656 1878 σκελῶν
687 1838 916 1880 admisisse
947 1838 992 1878 in
1023 1837 1186 1879 Dorico
1217 1836 1406 1877 carmine
1436 1836 1523 1892 Ly-

73 1905 188 1948 sistr.
224 1906 334 1948 1259
377 1913 417 1947 et
456 1905 562 1947 adeo
601 1905 646 1946 iu
677 1906 816 1948 Attici
853 1905 1042 1948 hominis
1085 1920 1158 1946 ore
1196 1904 1301 1946 ibid.
1337 1903 1447 1946 1170
1476 1901 1527 1943 τὰ

72 1973 295 2028 Μεγαρικοὶ
329 1975 448 2024 σκέλη
481 1973 858 2015 connnemorantis
888 1974 919 2014 i.
945 1989 983 2014 e.
1016 1973 1172 2029 longos
1202 1972 1526 2029 Megarensium

71 2058 216 2084 muros
237 2043 326 2085 vid.
349 2043 540 2084 Mcinelz.
562 2042 615 2083 ad
639 2041 806 2083 Comm.
831 2041 909 2083 Gr.
930 2041 996 2082 III
1028 2057 1070 2099 p.
1085 2042 1183 2084 451.
1232 2040 1330 2082 Non
1352 2039 1526 2097 saepius

75 2110 243 2151 dualem
281 2111 508 2152 verborum
545 2111 591 2151 iu
623 2110 799 2152 Doricis
839 2109 1033 2152 fontibus
1064 2108 1246 2166 reperiri
1276 2107 1527 2150 docebimus

74 2176 186 2218 infra
231 2179 271 2230 ξ.
315 2178 394 2230 36,
436 2177 475 2218 5.
551 2179 702 2236 Itaque
744 2179 825 2219 hoc
867 2178 1073 2219 affirmare
1111 2177 1240 2230 licet,
1288 2176 1527 2218 Dorienses

76 2244 194 2286 duali
224 2261 400 2287 numero
432 2262 517 2287 uon
549 2247 726 2288 omnino
757 2245 1044 2299 abstinuisse,
1092 2245 1169 2287 sed
1207 2245 1427 2287 rarissime
1468 2250 1527 2283 ta-

75 2328 202 2366 men,
232 2314 368 2355 multo
398 2322 512 2356 certe
543 2314 681 2356 rarius
713 2330 839 2372 quam
869 2314 1041 2356 Atticos
1072 2330 1175 2355 usos
1206 2329 1318 2355 esse.

726 2421 767 2474 ξ.
799 2422 868 2464 28.

541 2513 620 2543 De
652 2513 992 2546 declinatione
1022 2514 1066 2547 1.

190 2575 233 2622 1>
294 2574 345 2614 In
383 2573 757 2617 terminationibus
799 2577 1102 2618 declinationis
1134 2576 1295 2634 primae
1324 2574 1530 2619 Doricam

80 2640 307 2684 dialectum
336 2641 496 2698 ubique
528 2641 705 2699 longum
739 2662 764 2683 α
794 2660 871 2702 pro
901 2664 926 2694 η
967 2645 1172 2686 exhibere
1212 2660 1341 2701 supra
1382 2645 1529 2686 docui-

76 2725 171 2750 mus
200 2709 241 2762 ξ.
276 2707 354 2762 19,
385 2710 426 2751 2.
500 2710 551 2750 In
593 2711 772 2768 reliquis
810 2711 952 2769 qualis
985 2711 1042 2753 sit
1071 2712 1165 2767 ejus
1195 2713 1308 2769 apud
1336 2712 1523 2754 Doricu-

78 2791 147 2820 ses
175 2777 308 2830 ratio,
348 2778 452 2819 haee
489 2777 778 2835 paradigmata
809 2780 1034 2837 aperiunt:
