1779 3079
236 209 330 256 112
706 205 779 251 De
816 204 1198 252 consonantibus.

237 342 398 386 Dorica
428 339 496 381 vcl
517 338 720 392 Aeolica,
752 338 874 394 cujus
905 337 1076 395 generis
1107 353 1194 380 non
1225 337 1427 395 leguntur
1455 337 1540 380 nisi
1564 339 1677 398 apud

237 416 384 471 poetas
423 407 625 448 Doricam
666 405 892 448 dialectum
930 406 1111 448 Aeolica
1149 413 1462 463 temperanteS,
1505 406 1676 449 Alcma-

236 495 365 531 nem,
411 474 672 527 Pindarum,
720 473 948 516 Bucolicos
979 481 1058 516 etc.
1099 496 1153 505 —-
1219 473 1287 516 De
1320 473 1490 516 Cretico
1519 474 1678 533 oppido

242 544 476 598 Πριάιπιος
505 542 594 584 sive
627 543 833 594 Πρίαισος
865 557 993 599 supra
1026 541 1224 582 vidimus.

349 610 525 653 vocalis
569 625 647 667 pro
686 625 874 651 consona
912 616 976 651 est
1016 609 1140 650 etiam
1183 609 1227 650 in
1269 608 1458 658 θεΐκελος
1493 609 1677 667 Lysistr.

240 681 351 723 1252
387 693 465 738 pro
504 677 725 727 θέσκελος,
785 677 899 734 quod
937 677 1078 736 ipsum
1108 692 1246 735 nuper
1275 676 1529 720 Dindorfius
1559 677 1681 721 resti-

235 749 346 802 tuit3
391 754 531 799 recte,
563 745 730 802 opinor.

352 815 387 856 E
417 813 629 856 contrario
671 827 856 853 consona
898 827 974 868 pro
1004 811 1140 853 vocali
1169 821 1234 855 est
1270 814 1315 855 in
1348 813 1505 867 ἁγρέω,
1567 813 1684 871 quod

237 899 316 942 pro
346 882 469 937 αἱρέω
500 897 586 922 nou
616 880 757 920 minus
799 878 911 935 apud
939 879 1177 921 Dorienses
1217 896 1343 938 quam
1380 881 1493 939 apud
1521 881 1684 923 Aeoles

237 952 308 1003 (L.
342 951 361 992 I
406 950 446 1003 ξ.
482 950 557 1002 11,
589 949 615 990 2
656 955 698 988 ct
739 947 780 999 ἓ.
815 946 894 1000 36,
928 946 971 996 5)
1002 947 1136 989 fuisse
1167 947 1349 989 videtur.
1409 948 1520 990 Nam
1548 948 1684 991 Laco-

236 1035 338 1061 num
370 1023 471 1058 sunt
499 1015 741 1068 ἱῑιπαγρέται
762 1014 883 1056 Eust.
909 1015 1008 1067 727,
1038 1015 1094 1057 24
1123 1022 1166 1057 ct
1196 1014 1449 1072 ἄγρετῆματα
1471 1015 1683 1072 Hesych.,

241 1087 430 1128 Coorum
477 1082 641 1137 ἆγρεταί
684 1082 876 1140 Hesych.
963 1083 1191 1125 Praeterea
1232 1099 1382 1125 recens
1425 1083 1576 1125 titulus
1615 1100 1682 1126 nr.

239 1153 374 1207 1395,
406 1152 450 1193 in
481 1166 566 1209 quo
599 1149 867 1204 &yper-stione,
900 1148 1117 1191 Boeckhio
1146 1150 1390 1192 Laconicus
1420 1150 1602 1193 videtur.

350 1221 394 1272 7)
454 1220 702 1261 Concursus
732 1217 1056 1260 consonantium
1087 1235 1109 1259 a
1138 1218 1356 1276 plerisque
1387 1218 1683 1274 Doriensium,

235 1297 283 1331 ut
326 1289 378 1330 ab
418 1288 621 1341 Ionibus,
679 1286 864 1340 Atticis,
924 1285 1097 1327 Boeotis
1139 1286 1271 1328 altero
1317 1286 1453 1342 eJecto
1503 1286 1683 1328 evitatus

237 1364 375 1400 estet
404 1356 546 1397 brevis
586 1354 744 1397 vocalis
781 1353 1037 1395 antecedens
1075 1354 1306 1412 producta,
1366 1354 1440 1395 ubi
1471 1354 1687 1412 antiquior

239 1425 388 1482 lingua
416 1441 466 1464 νσ
495 1422 725 1476 habuerat,
773 1429 819 1463 ut
847 1424 981 1474 μοῦσα
1020 1421 1088 1463 vel
1127 1425 1246 1474 μῶσα
1286 1438 1363 1481 pro
1392 1421 1547 1474 μόνσα,
1596 1422 1683 1464 vid.

238 1496 278 1548 ξ.
303 1493 373 1536 20.
437 1490 587 1534 Simile
618 1490 722 1548 quid
751 1491 909 1531 factum
941 1496 1006 1530 est
1035 1489 1079 1530 in
1109 1489 1278 1531 Cretica
1307 1489 1516 1547 Hesychii
1544 1490 1688 1547 glossa

238 1560 429 1615 πήριξ,
470 1560 611 1612 πέρδιξ
649 1565 690 1599 ct
720 1557 931 1599 Laconica
964 1556 1334 1611 Πηρεᾳόνεια,
1383 1557 1685 1611 Περσεφόνεια.

239 1653 293 1659 ——
356 1630 584 1680 Γίνομαι
613 1634 655 1668 et
683 1625 923 1680 γινώσκω
967 1641 1046 1683 pro
1076 1625 1236 1667 Atticis
1266 1627 1449 1679 γίγνομαι
1478 1632 1520 1667 et
1547 1625 1690 1679 γιγνώ-

242 1713 327 1737 σκω
360 1711 529 1753 semper
561 1694 605 1735 in
636 1693 772 1735 titulis
814 1693 1045 1750 leguntur,
1091 1700 1140 1734 ut
1178 1695 1338 1746 γίνομαι,
1366 1694 1528 1752 Amph.
1564 1693 1687 1744 1688,

239 1764 372 1805 Ther.
403 1763 538 1816 2448,
571 1762 712 1803 Rhod.
745 1761 870 1810 2525,
894 1761 945 1814 b,
993 1760 1108 1802 Cret.
1140 1760 1252 1804 2555
1281 1768 1323 1802 et
1350 1760 1535 1814 γινώσκω
1568 1761 1684 1804 Cret.

241 1831 370 1875 2554.
401 1829 512 1873 2556
541 1839 652 1884 etc.,
685 1829 791 1870 illud
821 1836 1038 1887 practerea
1066 1829 1178 1886 apud
1208 1828 1511 1885 Epicharmum
1543 1829 1595 1870 fr.
1614 1829 1685 1881 95,

240 1901 321 1941 hoc
351 1898 464 1956 apud
495 1897 764 1955 Sophronem
795 1898 848 1938 fr.
881 1897 950 1938 84.
1012 1895 1156 1948 Quare
1185 1895 1450 1949 γιγνώσκοιντι
1479 1895 1632 1953 Epich.
1662 1897 1687 1938 4

242 1974 284 2007 ct
312 1968 482 2019 γίγνεται
511 1966 702 2005 Acharn.
734 1963 813 2004 761
847 1979 932 2004 non
963 1963 1163 2003 videntur
1191 1979 1287 2004 vere
1319 1962 1493 2003 Dorica.

354 2034 579 2074 Praeterea
610 2046 796 2073 consona
827 2030 985 2070 excidit
1016 2030 1058 2070 in
1093 2029 1236 2083 (idyl,
1270 2029 1404 2082 a'rdgn'·
1444 2030 1688 2083 Παμᾳὺλιοι

242 2101 461 2163 Hesycln,
507 2114 690 2156 quocum
721 2113 966 2154 compares,
1008 2113 1114 2154 quac
1146 2096 1319 2154 collegit
1350 2097 1510 2138 Buttm.
1544 2098 1684 2141 Lexil.

242 2170 288 2222 1,
325 2169 399 2210 131
434 2183 554 2224 seqq.
631 2165 738 2207 Nam
779 2165 903 2205 sicuti
940 2165 981 2205 in
1016 2165 1246 2217 ι’ἱμρροιος,
1293 2165 1498 2217 ἤμβροτον
1528 2167 1687 2224 cupho-

242 2237 338 2278 niae
370 2235 504 2292 gratia
533 2241 559 2286 ρ’
590 2233 888 2290 interpositum
919 2240 1006 2285 est,
1054 2232 1096 2272 in
1128 2233 1302 2284 βροιός,
1339 2233 1555 2286 άβρυτάζω
1586 2252 1613 2286 μ
1643 2234 1686 2276 in

241 2310 269 2357 β
299 2310 530 2355 mutatum,
582 2301 636 2342 ita
667 2301 711 2341 in
744 2300 861 2355 ἀιιὸρί
891 2302 914 2339 δ
951 2300 1155 2340 insertum
1187 2308 1276 2353 cst,
1332 2301 1374 2341 in
1406 2301 1687 2359 Pamphylico

242 2371 338 2427 ἁδρί
367 2390 386 2411 ν
417 2371 460 2411 in
493 2371 517 2409 ὃ
545 2376 764 2410 mutatum.

358 2438 449 2480 Nec
480 2437 586 2478 male
618 2436 750 2493 Greg.
786 2436 836 2477 C.
870 2437 951 2478 213
991 2437 1143 2485 ἐσλός
1180 2453 1256 2494 pro
1299 2436 1448 2484 ἐσθλός
1478 2435 1684 2477 Doricum

244 2523 393 2548 vocare
433 2505 625 2557 videtur,
684 2504 916 2544 Pindarum
960 2512 1157 2561 spectans
1200 2505 1269 2553 (dc
1310 2504 1432 2558 cujus
1472 2518 1551 2543 usu
1588 2501 1684 2543 vide

244 2575 434 2616 Bocckh.
467 2573 583 2614 Nott.
618 2571 740 2612 Criu.
782 2572 832 2612 ad
875 2572 945 2612 01.
984 2573 1024 2619 1,
1056 2573 1156 2623 99);
1217 2571 1373 2612 certius
1413 2571 1463 2611 dc
1503 2568 1684 2611 Aeolico
1751 2572 1753 2579 '

245 2658 322 2683 usu
355 2647 543 2687 constat,
575 2639 659 2680 vid.
697 2639 743 2679 L.
779 2640 794 2679 1
839 2642 878 2691 ς’.
919 2641 958 2680 11
980 2671 991 2691 ,
1025 2642 1064 2680 2.

356 2709 578 2749 Postremo
612 2709 867 2753 σκᾶπτον,
910 2723 994 2763 quo
1028 2707 1236 2747 Pindarus
1269 2706 1424 2755 ulitur,
1475 2703 1681 2744 Doricum

243 2775 400 2816 dicitur
429 2791 451 2815 a
482 2774 613 2831 Greg.
649 2775 747 2815 Cor.
782 2775 861 2816 462
899 2775 954 2815 cs.
990 2775 1154 2816 Scholl.
1189 2774 1314 2815 Pind.
1349 2772 1420 2812 Ol.
1454 2771 1499 2821 1,
1536 2772 1610 2823 19,
1641 2777 1683 2812 et
