<?xml version="1.0" encoding="UTF-8"?>
<!DOCTYPE html PUBLIC "-//W3C//DTD XHTML 1.0 Transitional//EN"
    "http://www.w3.org/TR/xhtml1/DTD/xhtml1-transitional.dtd">
<html xmlns="http://www.w3.org/1999/xhtml" xml:lang="en" lang="en">
 <head>
  <title>
</title>
<meta http-equiv="Content-Type" content="text/html;charset=utf-8" />
  <meta name='ocr-system' content='tesseract 3.04.00' />
  <meta name='ocr-capabilities' content='ocr_page ocr_carea ocr_par ocr_line ocrx_word'/>
</head>
<body>
  <div class='ocr_page' id='page_1' title='image "./degraecaelinguae01ahreuoft_0600.png"; bbox 0 0 1779 3079; ppageno 0'>
   <div class='ocr_carea' id='block_1_1' title="bbox 237 238 1201 302">
    <p class='ocr_par' dir='ltr' id='par_1_1' title="bbox 237 238 1201 302">
     <span class='ocr_line' id='line_1_1' title="bbox 237 238 1201 302; baseline -0.004 -14"><span class='ocrx_word' id='word_1_1' title='bbox 237 240 338 290; x_wconf 79' lang='lat'><strong>276</strong></span> <span class='ocrx_word' id='word_1_2' title='bbox 714 241 785 286; x_wconf 85' lang='lat' dir='ltr'><strong>De</strong></span> <span class='ocrx_word' id='word_1_3' title='bbox 822 238 1201 302; x_wconf 70' lang='lat' dir='ltr'>pronominibus.</span> 
     </span>
    </p>
   </div>
   <div class='ocr_carea' id='block_1_2' title="bbox 235 375 1698 2859">
    <p class='ocr_par' dir='ltr' id='par_1_2' title="bbox 235 375 1697 1652">
     <span class='ocr_line' id='line_1_2' title="bbox 239 375 1693 436; baseline -0.001 -14"><span class='ocrx_word' id='word_1_4' title='bbox 239 377 607 422; x_wconf 82' lang='lat' dir='ltr'><strong>Heracleensibus</strong></span> <span class='ocrx_word' id='word_1_5' title='bbox 646 392 777 434; x_wconf 87' lang='lat' dir='ltr'><strong>quum</strong></span> <span class='ocrx_word' id='word_1_6' title='bbox 820 376 995 418; x_wconf 75' lang='lat' dir='ltr'><strong>relativa</strong></span> <span class='ocrx_word' id='word_1_7' title='bbox 1035 377 1292 434; x_wconf 83' lang='lat' dir='ltr'><strong>plerumque</strong></span> <span class='ocrx_word' id='word_1_8' title='bbox 1335 375 1533 432; x_wconf 86' lang='lat' dir='ltr'><strong>spiritum</strong></span> <span class='ocrx_word' id='word_1_9' title='bbox 1574 393 1693 436; x_wconf 84' lang='lat' dir='ltr'><strong>aspe-</strong></span> 
     </span>
     <span class='ocr_line' id='line_1_3' title="bbox 236 444 1692 501; baseline -0.002 -11"><span class='ocrx_word' id='word_1_10' title='bbox 236 464 330 490; x_wconf 87' lang='lat' dir='ltr'><strong>rum</strong></span> <span class='ocrx_word' id='word_1_11' title='bbox 361 452 561 499; x_wconf 86' lang='lat' dir='ltr'><strong>servent,</strong></span> <span class='ocrx_word' id='word_1_12' title='bbox 609 452 746 486; x_wconf 89' lang='lat' dir='ltr'><strong>tamen</strong></span> <span class='ocrx_word' id='word_1_13' title='bbox 778 444 954 486; x_wconf 86' lang='lat' dir='ltr'><strong>relativa</strong></span> <span class='ocrx_word' id='word_1_14' title='bbox 987 451 1195 501; x_wconf 80' lang='lat' dir='ltr'><strong>potestate</strong></span> <span class='ocrx_word' id='word_1_15' title='bbox 1226 451 1407 485; x_wconf 86' lang='lat' dir='ltr'><strong>utuntur</strong></span> <span class='ocrx_word' id='word_1_16' title='bbox 1433 444 1501 485; x_wconf 80' lang='grc' dir='ltr'><strong>τόν</strong></span> <span class='ocrx_word' id='word_1_17' title='bbox 1532 444 1585 486; x_wconf 93' lang='grc' dir='ltr'><strong>Β.</strong></span> <span class='ocrx_word' id='word_1_18' title='bbox 1621 447 1692 499; x_wconf 94' lang='grc'>12,</span> 
     </span>
     <span class='ocr_line' id='line_1_4' title="bbox 236 511 1695 570; baseline -0.001 -14"><span class='ocrx_word' id='word_1_19' title='bbox 236 515 285 556; x_wconf 82' lang='grc' dir='ltr'><strong>τά</strong></span> <span class='ocrx_word' id='word_1_20' title='bbox 326 515 374 568; x_wconf 94' lang='grc' dir='ltr'>Ι,</span> <span class='ocrx_word' id='word_1_21' title='bbox 409 513 512 561; x_wconf 91' lang='grc'>120,</span> <span class='ocrx_word' id='word_1_22' title='bbox 574 515 653 553; x_wconf 71' lang='grc' dir='ltr'><strong>τῶν</strong></span> <span class='ocrx_word' id='word_1_23' title='bbox 693 513 740 564; x_wconf 90' lang='grc' dir='ltr'>Ι,</span> <span class='ocrx_word' id='word_1_24' title='bbox 772 512 850 565; x_wconf 80' lang='grc'>40,</span> <span class='ocrx_word' id='word_1_25' title='bbox 908 512 1010 552; x_wconf 86' lang='lat' dir='ltr'><strong>item</strong></span> <span class='ocrx_word' id='word_1_26' title='bbox 1050 511 1094 552; x_wconf 90' lang='lat' dir='ltr'><strong>iu</strong></span> <span class='ocrx_word' id='word_1_27' title='bbox 1134 511 1259 552; x_wconf 90' lang='lat' dir='ltr'><strong>titulo</strong></span> <span class='ocrx_word' id='word_1_28' title='bbox 1288 511 1460 553; x_wconf 88' lang='lat' dir='ltr'><strong>Bruttio</strong></span> <span class='ocrx_word' id='word_1_29' title='bbox 1499 511 1579 560; x_wconf 85' lang='grc' dir='ltr'><strong>τώς</strong></span> <span class='ocrx_word' id='word_1_30' title='bbox 1616 529 1695 570; x_wconf 89' lang='lat' dir='ltr'><strong>pro</strong></span> 
     </span>
     <span class='ocr_line' id='line_1_5' title="bbox 236 579 1696 638; baseline -0.001 -15"><span class='ocrx_word' id='word_1_31' title='bbox 236 582 345 630; x_wconf 76' lang='grc' dir='ltr'><strong>τούς.</strong></span> <span class='ocrx_word' id='word_1_32' title='bbox 407 581 457 622; x_wconf 92' lang='lat' dir='ltr'><strong>In</strong></span> <span class='ocrx_word' id='word_1_33' title='bbox 488 581 650 638; x_wconf 86' lang='lat' dir='ltr'><strong>Amph.</strong></span> <span class='ocrx_word' id='word_1_34' title='bbox 685 580 793 622; x_wconf 84' lang='lat'><strong>1688</strong></span> <span class='ocrx_word' id='word_1_35' title='bbox 834 579 1025 636; x_wconf 80' lang='lat' dir='ltr'><strong>vulgaris</strong></span> <span class='ocrx_word' id='word_1_36' title='bbox 1066 580 1201 621; x_wconf 77' lang='lat' dir='ltr'><strong>forma</strong></span> <span class='ocrx_word' id='word_1_37' title='bbox 1243 587 1395 636; x_wconf 73' lang='lat' dir='ltr'><strong>regnat</strong></span> <span class='ocrx_word' id='word_1_38' title='bbox 1426 586 1595 636; x_wconf 84' lang='lat' dir='ltr'><strong>praeter</strong></span> <span class='ocrx_word' id='word_1_39' title='bbox 1622 580 1696 621; x_wconf 82' lang='grc' dir='ltr'><strong>τάν</strong></span> 
     </span>
     <span class='ocr_line' id='line_1_6' title="bbox 236 645 1695 702; baseline -0.001 -11"><span class='ocrx_word' id='word_1_40' title='bbox 236 651 267 692; x_wconf 91' lang='lat' dir='ltr'><strong>l.</strong></span> <span class='ocrx_word' id='word_1_41' title='bbox 302 649 344 691; x_wconf 88' lang='lat'><strong>6.</strong></span> <span class='ocrx_word' id='word_1_42' title='bbox 382 649 432 690; x_wconf 87' lang='lat'><strong>16</strong></span> <span class='ocrx_word' id='word_1_43' title='bbox 475 655 516 691; x_wconf 79' lang='lat' dir='ltr'><strong>et</strong></span> <span class='ocrx_word' id='word_1_44' title='bbox 556 647 659 688; x_wconf 81' lang='grc' dir='ltr'><em>κατά</em></span> <span class='ocrx_word' id='word_1_45' title='bbox 701 647 731 688; x_wconf 89' lang='lat' dir='ltr'><strong>l.</strong></span> <span class='ocrx_word' id='word_1_46' title='bbox 779 647 830 690; x_wconf 90' lang='grc'><strong>10</strong></span> <span class='ocrx_word' id='word_1_47' title='bbox 875 648 904 688; x_wconf 90' lang='lat' dir='ltr'><strong>i.</strong></span> <span class='ocrx_word' id='word_1_48' title='bbox 942 663 979 688; x_wconf 90' lang='lat' dir='ltr'><strong>c.</strong></span> <span class='ocrx_word' id='word_1_49' title='bbox 1023 646 1126 687; x_wconf 74' lang='grc' dir='ltr'><em>κατὰ</em></span> <span class='ocrx_word' id='word_1_50' title='bbox 1166 646 1215 687; x_wconf 74' lang='grc' dir='ltr'><strong>τά</strong></span> <span class='ocrx_word' id='word_1_51' title='bbox 1258 645 1364 701; x_wconf 89' lang='lat' dir='ltr'><strong>(non</strong></span> <span class='ocrx_word' id='word_1_52' title='bbox 1406 646 1498 687; x_wconf 77' lang='grc' dir='ltr'><strong>κατ’</strong></span> <span class='ocrx_word' id='word_1_53' title='bbox 1538 648 1589 702; x_wconf 83' lang='grc' dir='ltr'>ἅ,</span> <span class='ocrx_word' id='word_1_54' title='bbox 1648 655 1695 689; x_wconf 88' lang='lat' dir='ltr'><strong>ut</strong></span> 
     </span>
     <span class='ocr_line' id='line_1_7' title="bbox 239 713 1696 772; baseline -0.002 -14"><span class='ocrx_word' id='word_1_55' title='bbox 239 716 484 758; x_wconf 80' lang='lat' dir='ltr'><strong>Boeekhius</strong></span> <span class='ocrx_word' id='word_1_56' title='bbox 532 714 713 769; x_wconf 90' lang='lat' dir='ltr'><strong>voluit),</strong></span> <span class='ocrx_word' id='word_1_57' title='bbox 774 715 875 756; x_wconf 90' lang='lat' dir='ltr'><strong>item</strong></span> <span class='ocrx_word' id='word_1_58' title='bbox 921 714 965 755; x_wconf 89' lang='lat' dir='ltr'><strong>in</strong></span> <span class='ocrx_word' id='word_1_59' title='bbox 1008 713 1193 756; x_wconf 78' lang='lat' dir='ltr'>Creticis</span> <span class='ocrx_word' id='word_1_60' title='bbox 1232 722 1402 772; x_wconf 89' lang='lat' dir='ltr'><strong>practer</strong></span> <span class='ocrx_word' id='word_1_61' title='bbox 1438 718 1517 756; x_wconf 75' lang='grc' dir='ltr'><strong>τῶν</strong></span> <span class='ocrx_word' id='word_1_62' title='bbox 1547 722 1588 757; x_wconf 83' lang='lat' dir='ltr'><strong>et</strong></span> <span class='ocrx_word' id='word_1_63' title='bbox 1616 715 1696 764; x_wconf 81' lang='grc' dir='ltr'><strong>τώς</strong></span> 
     </span>
     <span class='ocr_line' id='line_1_8' title="bbox 238 782 1695 843; baseline -0.001 -17"><span class='ocrx_word' id='word_1_64' title='bbox 238 801 314 843; x_wconf 90' lang='lat' dir='ltr'><strong>pro</strong></span> <span class='ocrx_word' id='word_1_65' title='bbox 356 784 426 832; x_wconf 78' lang='grc' dir='ltr'><strong>οὕς</strong></span> <span class='ocrx_word' id='word_1_66' title='bbox 468 784 512 825; x_wconf 91' lang='lat' dir='ltr'><strong>in</strong></span> <span class='ocrx_word' id='word_1_67' title='bbox 545 782 831 839; x_wconf 85' lang='lat' dir='ltr'><strong>jurejurando</strong></span> <span class='ocrx_word' id='word_1_68' title='bbox 872 798 937 822; x_wconf 88' lang='lat' dir='ltr'><strong>nr.</strong></span> <span class='ocrx_word' id='word_1_69' title='bbox 970 782 1113 834; x_wconf 80' lang='lat'><strong>2555,</strong></span> <span class='ocrx_word' id='word_1_70' title='bbox 1153 782 1207 823; x_wconf 86' lang='lat'><strong>23</strong></span> <span class='ocrx_word' id='word_1_71' title='bbox 1253 798 1375 840; x_wconf 86' lang='lat' dir='ltr'><strong>seqq.</strong></span> <span class='ocrx_word' id='word_1_72' title='bbox 1466 783 1695 825; x_wconf 88' lang='lat' dir='ltr'><strong>Postremo</strong></span> 
     </span>
     <span class='ocr_line' id='line_1_9' title="bbox 236 848 1695 909; baseline 0 -17"><span class='ocrx_word' id='word_1_73' title='bbox 236 851 332 900; x_wconf 80' lang='grc' dir='ltr'><strong>τούς</strong></span> <span class='ocrx_word' id='word_1_74' title='bbox 358 852 520 909; x_wconf 76' lang='lat' dir='ltr'><strong>legitur</strong></span> <span class='ocrx_word' id='word_1_75' title='bbox 552 850 594 891; x_wconf 89' lang='lat' dir='ltr'><strong>in</strong></span> <span class='ocrx_word' id='word_1_76' title='bbox 629 850 764 891; x_wconf 86' lang='lat' dir='ltr'><strong>Phoe.</strong></span> <span class='ocrx_word' id='word_1_77' title='bbox 797 850 848 891; x_wconf 89' lang='grc'><strong>81</strong></span> <span class='ocrx_word' id='word_1_78' title='bbox 882 849 968 901; x_wconf 86' lang='lat' dir='ltr'><strong>R.,</strong></span> <span class='ocrx_word' id='word_1_79' title='bbox 1017 848 1199 905; x_wconf 88' lang='lat' dir='ltr'><strong>reliquis</strong></span> <span class='ocrx_word' id='word_1_80' title='bbox 1243 850 1383 892; x_wconf 87' lang='lat' dir='ltr'><strong>titulis</strong></span> <span class='ocrx_word' id='word_1_81' title='bbox 1424 867 1645 908; x_wconf 85' lang='lat' dir='ltr'><strong>nunquam</strong></span> <span class='ocrx_word' id='word_1_82' title='bbox 1676 868 1695 891; x_wconf 82' lang='grc' dir='ltr'><strong><em>τ</em></strong></span> 
     </span>
     <span class='ocr_line' id='line_1_10' title="bbox 236 915 1697 978; baseline -0.001 -17"><span class='ocrx_word' id='word_1_83' title='bbox 236 917 593 978; x_wconf 73' lang='lat' dir='ltr'><strong>praefigentibus.</strong></span> <span class='ocrx_word' id='word_1_84' title='bbox 668 917 801 973; x_wconf 88' lang='lat' dir='ltr'><strong>Apud</strong></span> <span class='ocrx_word' id='word_1_85' title='bbox 832 915 1141 973; x_wconf 87' lang='lat' dir='ltr'><strong>Epieharmum</strong></span> <span class='ocrx_word' id='word_1_86' title='bbox 1173 916 1373 973; x_wconf 79' lang='lat' dir='ltr'>vulgares</span> <span class='ocrx_word' id='word_1_87' title='bbox 1405 918 1565 959; x_wconf 83' lang='lat' dir='ltr'><strong>formae</strong></span> <span class='ocrx_word' id='word_1_88' title='bbox 1597 926 1697 960; x_wconf 89' lang='lat' dir='ltr'><strong>sunt</strong></span> 
     </span>
     <span class='ocr_line' id='line_1_11' title="bbox 237 982 1695 1039; baseline -0.001 -11"><span class='ocrx_word' id='word_1_89' title='bbox 237 987 282 1028; x_wconf 81' lang='grc' dir='ltr'><strong>ὅν</strong></span> <span class='ocrx_word' id='word_1_90' title='bbox 313 987 395 1039; x_wconf 85' lang='grc'>66,</span> <span class='ocrx_word' id='word_1_91' title='bbox 431 986 478 1025; x_wconf 80' lang='grc' dir='ltr'><strong>ἅν</strong></span> <span class='ocrx_word' id='word_1_92' title='bbox 508 985 590 1037; x_wconf 80' lang='lat'><strong>51,</strong></span> <span class='ocrx_word' id='word_1_93' title='bbox 624 984 646 1025; x_wconf 84' lang='grc' dir='ltr'>ὅ</span> <span class='ocrx_word' id='word_1_94' title='bbox 677 984 758 1037; x_wconf 86' lang='grc'>98,</span> <span class='ocrx_word' id='word_1_95' title='bbox 789 988 832 1024; x_wconf 78' lang='grc' dir='ltr'><strong>οἵ</strong></span> <span class='ocrx_word' id='word_1_96' title='bbox 856 983 926 1025; x_wconf 88' lang='grc'><strong>26.</strong></span> <span class='ocrx_word' id='word_1_97' title='bbox 959 984 1041 1037; x_wconf 84' lang='grc'>32,</span> <span class='ocrx_word' id='word_1_98' title='bbox 1075 982 1129 1023; x_wconf 74' lang='grc' dir='ltr'><strong>ὧν</strong></span> <span class='ocrx_word' id='word_1_99' title='bbox 1158 984 1240 1034; x_wconf 80' lang='grc'>24,</span> <span class='ocrx_word' id='word_1_100' title='bbox 1275 989 1357 1024; x_wconf 70' lang='grc' dir='ltr'><strong>αἵτε</strong></span> <span class='ocrx_word' id='word_1_101' title='bbox 1389 984 1437 1038; x_wconf 86' lang='grc'>5,</span> <span class='ocrx_word' id='word_1_102' title='bbox 1481 986 1584 1038; x_wconf 77' lang='grc' dir='ltr'><strong>ἅπερ</strong></span> <span class='ocrx_word' id='word_1_103' title='bbox 1614 986 1695 1038; x_wconf 77' lang='lat'><strong>233</strong></span> 
     </span>
     <span class='ocr_line' id='line_1_12' title="bbox 236 1050 1697 1109; baseline -0.002 -14"><span class='ocrx_word' id='word_1_104' title='bbox 236 1053 413 1096; x_wconf 83' lang='lat' dir='ltr'><strong>alterius</strong></span> <span class='ocrx_word' id='word_1_105' title='bbox 455 1051 628 1109; x_wconf 80' lang='lat' dir='ltr'><strong>generis</strong></span> <span class='ocrx_word' id='word_1_106' title='bbox 671 1059 772 1092; x_wconf 88' lang='lat' dir='ltr'><strong>sunt</strong></span> <span class='ocrx_word' id='word_1_107' title='bbox 809 1050 877 1092; x_wconf 74' lang='grc' dir='ltr'><strong>τόν</strong></span> <span class='ocrx_word' id='word_1_108' title='bbox 919 1051 998 1104; x_wconf 87' lang='grc'>18,</span> <span class='ocrx_word' id='word_1_109' title='bbox 1049 1052 1113 1092; x_wconf 84' lang='grc' dir='ltr'><strong>τοί</strong></span> <span class='ocrx_word' id='word_1_110' title='bbox 1146 1050 1251 1104; x_wconf 92' lang='grc'>110,</span> <span class='ocrx_word' id='word_1_111' title='bbox 1296 1051 1370 1099; x_wconf 81' lang='grc' dir='ltr'><strong>τάς</strong></span> <span class='ocrx_word' id='word_1_112' title='bbox 1408 1053 1491 1107; x_wconf 87' lang='grc'>23,</span> <span class='ocrx_word' id='word_1_113' title='bbox 1525 1053 1604 1103; x_wconf 77' lang='grc'>10,</span> <span class='ocrx_word' id='word_1_114' title='bbox 1648 1052 1697 1092; x_wconf 82' lang='grc' dir='ltr'><strong>τά</strong></span> 
     </span>
     <span class='ocr_line' id='line_1_13' title="bbox 235 1117 1697 1177; baseline -0.001 -14"><span class='ocrx_word' id='word_1_115' title='bbox 235 1123 316 1173; x_wconf 83' lang='grc'>23,</span> <span class='ocrx_word' id='word_1_116' title='bbox 348 1121 390 1161; x_wconf 85' lang='grc'><strong>4.</strong></span> <span class='ocrx_word' id='word_1_117' title='bbox 423 1120 450 1161; x_wconf 90' lang='grc'><strong>6</strong></span> <span class='ocrx_word' id='word_1_118' title='bbox 481 1127 522 1160; x_wconf 86' lang='lat' dir='ltr'><strong>et</strong></span> <span class='ocrx_word' id='word_1_119' title='bbox 555 1119 650 1161; x_wconf 80' lang='grc'>114.</span> <span class='ocrx_word' id='word_1_120' title='bbox 713 1119 847 1177; x_wconf 90' lang='lat' dir='ltr'><strong>Apud</strong></span> <span class='ocrx_word' id='word_1_121' title='bbox 879 1117 1148 1175; x_wconf 85' lang='lat' dir='ltr'><strong>Sophronem</strong></span> <span class='ocrx_word' id='word_1_122' title='bbox 1182 1123 1230 1158; x_wconf 81' lang='grc' dir='ltr'><strong>αἵ</strong></span> <span class='ocrx_word' id='word_1_123' title='bbox 1254 1127 1318 1160; x_wconf 86' lang='lat' dir='ltr'><strong>est</strong></span> <span class='ocrx_word' id='word_1_124' title='bbox 1348 1120 1401 1161; x_wconf 86' lang='lat' dir='ltr'><strong>fr.</strong></span> <span class='ocrx_word' id='word_1_125' title='bbox 1429 1119 1507 1175; x_wconf 75' lang='lat'><strong>333</strong></span> <span class='ocrx_word' id='word_1_126' title='bbox 1542 1120 1586 1161; x_wconf 89' lang='lat' dir='ltr'><strong>in</strong></span> <span class='ocrx_word' id='word_1_127' title='bbox 1609 1120 1697 1177; x_wconf 73' lang='lat' dir='ltr'><strong>Ly-</strong></span> 
     </span>
     <span class='ocr_line' id='line_1_14' title="bbox 237 1186 1696 1241; baseline -0.001 -11"><span class='ocrx_word' id='word_1_128' title='bbox 237 1189 407 1230; x_wconf 84' lang='lat' dir='ltr'><strong>sistrata</strong></span> <span class='ocrx_word' id='word_1_129' title='bbox 439 1186 570 1240; x_wconf 72' lang='grc' dir='ltr'><em>ἆσπερ</em></span> <span class='ocrx_word' id='word_1_130' title='bbox 599 1187 722 1240; x_wconf 87' lang='grc'>1164,</span> <span class='ocrx_word' id='word_1_131' title='bbox 756 1194 902 1228; x_wconf 83' lang='lat' dir='ltr'><strong>contra</strong></span> <span class='ocrx_word' id='word_1_132' title='bbox 935 1188 999 1227; x_wconf 84' lang='grc' dir='ltr'><strong>τοί</strong></span> <span class='ocrx_word' id='word_1_133' title='bbox 1030 1186 1152 1238; x_wconf 81' lang='grc'>1302,</span> <span class='ocrx_word' id='word_1_134' title='bbox 1183 1189 1234 1237; x_wconf 80' lang='grc' dir='ltr'><strong>τᾷ</strong></span> <span class='ocrx_word' id='word_1_135' title='bbox 1265 1186 1403 1241; x_wconf 66' lang='grc'>1306,</span> <span class='ocrx_word' id='word_1_136' title='bbox 1436 1188 1480 1228; x_wconf 90' lang='lat' dir='ltr'><strong>in</strong></span> <span class='ocrx_word' id='word_1_137' title='bbox 1512 1187 1696 1229; x_wconf 84' lang='lat' dir='ltr'><strong>foederi·</strong></span> 
     </span>
     <span class='ocr_line' id='line_1_15' title="bbox 235 1254 1694 1313; baseline -0.001 -15"><span class='ocrx_word' id='word_1_138' title='bbox 235 1256 317 1298; x_wconf 90' lang='lat' dir='ltr'><strong>bus</strong></span> <span class='ocrx_word' id='word_1_139' title='bbox 355 1255 468 1313; x_wconf 85' lang='lat' dir='ltr'><strong>apud</strong></span> <span class='ocrx_word' id='word_1_140' title='bbox 507 1255 814 1312; x_wconf 74' lang='lat' dir='ltr'><strong>Thucydidem</strong></span> <span class='ocrx_word' id='word_1_141' title='bbox 846 1255 903 1307; x_wconf 91' lang='lat' dir='ltr'><strong>V,</strong></span> <span class='ocrx_word' id='word_1_142' title='bbox 937 1255 1004 1296; x_wconf 84' lang='lat'><strong>77.</strong></span> <span class='ocrx_word' id='word_1_143' title='bbox 1043 1254 1096 1296; x_wconf 83' lang='lat'><strong>79</strong></span> <span class='ocrx_word' id='word_1_144' title='bbox 1136 1257 1266 1307; x_wconf 72' lang='grc' dir='ltr'><strong>τῴηερ</strong></span> <span class='ocrx_word' id='word_1_145' title='bbox 1308 1262 1350 1295; x_wconf 89' lang='lat' dir='ltr'><strong>et</strong></span> <span class='ocrx_word' id='word_1_146' title='bbox 1387 1256 1565 1310; x_wconf 74' lang='grc' dir='ltr'><em>τοῖςπερ.</em></span> <span class='ocrx_word' id='word_1_147' title='bbox 1643 1255 1694 1297; x_wconf 90' lang='lat' dir='ltr'><strong>In</strong></span> 
     </span>
     <span class='ocr_line' id='line_1_16' title="bbox 236 1321 1697 1380; baseline -0.002 -14"><span class='ocrx_word' id='word_1_148' title='bbox 236 1323 596 1366; x_wconf 86' lang='lat' dir='ltr'><strong>Acharnensibus</strong></span> <span class='ocrx_word' id='word_1_149' title='bbox 630 1324 655 1363; x_wconf 78' lang='grc' dir='ltr'>ἅ</span> <span class='ocrx_word' id='word_1_150' title='bbox 685 1339 728 1364; x_wconf 91' lang='lat' dir='ltr'><strong>n.</strong></span> <span class='ocrx_word' id='word_1_151' title='bbox 762 1323 824 1380; x_wconf 89' lang='lat' dir='ltr'><strong>pl.</strong></span> <span class='ocrx_word' id='word_1_152' title='bbox 859 1330 925 1364; x_wconf 87' lang='lat' dir='ltr'><strong>cst</strong></span> <span class='ocrx_word' id='word_1_153' title='bbox 956 1321 1063 1375; x_wconf 86' lang='grc'>766,</span> <span class='ocrx_word' id='word_1_154' title='bbox 1110 1324 1188 1361; x_wconf 74' lang='grc' dir='ltr'><strong>τῶν</strong></span> <span class='ocrx_word' id='word_1_155' title='bbox 1217 1321 1317 1374; x_wconf 88' lang='grc'>727,</span> <span class='ocrx_word' id='word_1_156' title='bbox 1363 1321 1468 1363; x_wconf 88' lang='lat' dir='ltr'><strong>adeo</strong></span> <span class='ocrx_word' id='word_1_157' title='bbox 1508 1322 1587 1370; x_wconf 78' lang='grc' dir='ltr'><strong>τώς</strong></span> <span class='ocrx_word' id='word_1_158' title='bbox 1620 1338 1697 1380; x_wconf 90' lang='lat' dir='ltr'><strong>pro</strong></span> 
     </span>
     <span class='ocr_line' id='line_1_17' title="bbox 238 1389 1695 1447; baseline -0.001 -14"><span class='ocrx_word' id='word_1_159' title='bbox 238 1393 293 1440; x_wconf 72' lang='grc' dir='ltr'><strong>ὡς</strong></span> <span class='ocrx_word' id='word_1_160' title='bbox 324 1392 436 1446; x_wconf 66' lang='grc'>728,</span> <span class='ocrx_word' id='word_1_161' title='bbox 490 1407 586 1432; x_wconf 84' lang='lat' dir='ltr'><strong>nam</strong></span> <span class='ocrx_word' id='word_1_162' title='bbox 627 1390 828 1432; x_wconf 80' lang='lat' dir='ltr'><strong>adverbia</strong></span> <span class='ocrx_word' id='word_1_163' title='bbox 873 1389 925 1430; x_wconf 89' lang='lat' dir='ltr'><strong>ab</strong></span> <span class='ocrx_word' id='word_1_164' title='bbox 957 1389 1138 1430; x_wconf 84' lang='lat' dir='ltr'><strong>articulo</strong></span> <span class='ocrx_word' id='word_1_165' title='bbox 1171 1389 1360 1430; x_wconf 81' lang='lat' dir='ltr'><strong>derivata</strong></span> <span class='ocrx_word' id='word_1_166' title='bbox 1392 1389 1494 1431; x_wconf 85' lang='lat' dir='ltr'><strong>item</strong></span> <span class='ocrx_word' id='word_1_167' title='bbox 1525 1406 1603 1447; x_wconf 90' lang='lat' dir='ltr'><strong>pro</strong></span> <span class='ocrx_word' id='word_1_168' title='bbox 1631 1406 1695 1432; x_wconf 89' lang='lat' dir='ltr'><strong>re-</strong></span> 
     </span>
     <span class='ocr_line' id='line_1_18' title="bbox 237 1456 1693 1516; baseline -0.002 -15"><span class='ocrx_word' id='word_1_169' title='bbox 237 1459 381 1501; x_wconf 83' lang='lat' dir='ltr'><strong>lativis</strong></span> <span class='ocrx_word' id='word_1_170' title='bbox 414 1474 509 1500; x_wconf 86' lang='lat' dir='ltr'><strong>csse</strong></span> <span class='ocrx_word' id='word_1_171' title='bbox 539 1465 747 1516; x_wconf 82' lang='lat' dir='ltr'><strong>possunt,</strong></span> <span class='ocrx_word' id='word_1_172' title='bbox 787 1457 903 1498; x_wconf 84' lang='lat' dir='ltr'><strong>utin</strong></span> <span class='ocrx_word' id='word_1_173' title='bbox 936 1456 1033 1498; x_wconf 87' lang='lat' dir='ltr'><strong>aliis</strong></span> <span class='ocrx_word' id='word_1_174' title='bbox 1067 1456 1265 1498; x_wconf 83' lang='lat' dir='ltr'><strong>dialectis</strong></span> <span class='ocrx_word' id='word_1_175' title='bbox 1296 1460 1368 1513; x_wconf 69' lang='grc' dir='ltr'><strong>τῇ,</strong></span> <span class='ocrx_word' id='word_1_176' title='bbox 1400 1456 1523 1509; x_wconf 82' lang='grc' dir='ltr'>τόθι,</span> <span class='ocrx_word' id='word_1_177' title='bbox 1556 1457 1693 1498; x_wconf 73' lang='grc' dir='ltr'><em>τόθεν.</em></span> 
     </span>
     <span class='ocr_line' id='line_1_19' title="bbox 239 1524 1695 1582; baseline -0.001 -14"><span class='ocrx_word' id='word_1_178' title='bbox 239 1526 504 1568; x_wconf 87' lang='lat' dir='ltr'><strong>Rhinthonis</strong></span> <span class='ocrx_word' id='word_1_179' title='bbox 538 1525 664 1567; x_wconf 85' lang='lat' dir='ltr'><strong>aetati</strong></span> <span class='ocrx_word' id='word_1_180' title='bbox 697 1528 733 1566; x_wconf 88' lang='grc' dir='ltr'><strong>οἱ</strong></span> <span class='ocrx_word' id='word_1_181' title='bbox 774 1525 1079 1574; x_wconf 72' lang='lat' dir='ltr'><strong>concedimus,</strong></span> <span class='ocrx_word' id='word_1_182' title='bbox 1141 1524 1256 1582; x_wconf 90' lang='lat' dir='ltr'><strong>quod</strong></span> <span class='ocrx_word' id='word_1_183' title='bbox 1301 1525 1464 1582; x_wconf 76' lang='lat' dir='ltr'><strong>legitur</strong></span> <span class='ocrx_word' id='word_1_184' title='bbox 1494 1524 1539 1565; x_wconf 89' lang='lat' dir='ltr'><strong>in</strong></span> <span class='ocrx_word' id='word_1_185' title='bbox 1569 1541 1695 1567; x_wconf 86' lang='lat' dir='ltr'><strong>versu</strong></span> 
     </span>
     <span class='ocr_line' id='line_1_20' title="bbox 237 1592 926 1652; baseline -0.006 -16"><span class='ocrx_word' id='word_1_186' title='bbox 237 1595 351 1652; x_wconf 86' lang='lat' dir='ltr'><strong>apud</strong></span> <span class='ocrx_word' id='word_1_187' title='bbox 385 1594 529 1635; x_wconf 85' lang='lat' dir='ltr'><strong>Cicer.</strong></span> <span class='ocrx_word' id='word_1_188' title='bbox 562 1593 614 1635; x_wconf 89' lang='lat' dir='ltr'><strong>ad</strong></span> <span class='ocrx_word' id='word_1_189' title='bbox 645 1592 739 1634; x_wconf 86' lang='lat' dir='ltr'><strong>Att.</strong></span> <span class='ocrx_word' id='word_1_190' title='bbox 774 1593 823 1641; x_wconf 90' lang='lat' dir='ltr'><strong>I,</strong></span> <span class='ocrx_word' id='word_1_191' title='bbox 857 1592 926 1635; x_wconf 87' lang='lat'><strong>20.</strong></span> 
     </span>
    </p>

    <p class='ocr_par' dir='ltr' id='par_1_3' title="bbox 239 1658 1698 2859">
     <span class='ocr_line' id='line_1_21' title="bbox 349 1658 1695 1718; baseline -0.001 -15"><span class='ocrx_word' id='word_1_192' title='bbox 349 1662 587 1703; x_wconf 82' lang='lat' dir='ltr'><strong>Dorienses</strong></span> <span class='ocrx_word' id='word_1_193' title='bbox 618 1660 829 1702; x_wconf 88' lang='lat' dir='ltr'><strong>maturius</strong></span> <span class='ocrx_word' id='word_1_194' title='bbox 861 1676 986 1718; x_wconf 85' lang='lat' dir='ltr'><strong>quam</strong></span> <span class='ocrx_word' id='word_1_195' title='bbox 1020 1660 1216 1718; x_wconf 81' lang='lat' dir='ltr'><strong>reliquos</strong></span> <span class='ocrx_word' id='word_1_196' title='bbox 1249 1658 1438 1701; x_wconf 88' lang='lat' dir='ltr'><strong>Graecos</strong></span> <span class='ocrx_word' id='word_1_197' title='bbox 1471 1660 1517 1708; x_wconf 79' lang='grc' dir='ltr'><strong>ὂς</strong></span> <span class='ocrx_word' id='word_1_198' title='bbox 1544 1661 1612 1712; x_wconf 65' lang='grc' dir='ltr'><strong>μέν</strong></span> <span class='ocrx_word' id='word_1_199' title='bbox 1642 1686 1695 1692; x_wconf 90' lang='lat'><strong>-—</strong></span> 
     </span>
     <span class='ocr_line' id='line_1_22' title="bbox 239 1719 1694 1786; baseline 0 -16"><span class='ocrx_word' id='word_1_200' title='bbox 239 1730 285 1777; x_wconf 72' lang='grc' dir='ltr'><strong>ὂς</strong></span> <span class='ocrx_word' id='word_1_201' title='bbox 317 1729 361 1768; x_wconf 78' lang='grc' dir='ltr'><strong>δέ</strong></span> <span class='ocrx_word' id='word_1_202' title='bbox 398 1745 474 1786; x_wconf 87' lang='lat' dir='ltr'><strong>pro</strong></span> <span class='ocrx_word' id='word_1_203' title='bbox 515 1719 535 1770; x_wconf 78' lang='grc' dir='ltr'>ὁ</span> <span class='ocrx_word' id='word_1_204' title='bbox 577 1729 646 1780; x_wconf 66' lang='grc' dir='ltr'><strong>μέν</strong></span> <span class='ocrx_word' id='word_1_205' title='bbox 677 1753 730 1758; x_wconf 83' lang='grc'>-</span> <span class='ocrx_word' id='word_1_206' title='bbox 772 1729 792 1769; x_wconf 82' lang='grc' dir='ltr'>ὁ</span> <span class='ocrx_word' id='word_1_207' title='bbox 826 1728 870 1768; x_wconf 75' lang='grc' dir='ltr'><strong>δέ</strong></span> <span class='ocrx_word' id='word_1_208' title='bbox 907 1744 1166 1786; x_wconf 81' lang='lat' dir='ltr'><strong>usurpasse,</strong></span> <span class='ocrx_word' id='word_1_209' title='bbox 1213 1743 1234 1769; x_wconf 90' lang='lat' dir='ltr'><strong>e</strong></span> <span class='ocrx_word' id='word_1_210' title='bbox 1266 1727 1694 1786; x_wconf 73' lang='lat' dir='ltr'><strong>Pseudo-Pythago-</strong></span> 
     </span>
     <span class='ocr_line' id='line_1_23' title="bbox 239 1794 1696 1853; baseline 0.001 -15"><span class='ocrx_word' id='word_1_211' title='bbox 239 1813 409 1839; x_wconf 78' lang='lat' dir='ltr'><strong>reorum</strong></span> <span class='ocrx_word' id='word_1_212' title='bbox 443 1813 523 1839; x_wconf 90' lang='lat' dir='ltr'><strong>usu</strong></span> <span class='ocrx_word' id='word_1_213' title='bbox 555 1812 707 1853; x_wconf 84' lang='lat' dir='ltr'><strong>parum</strong></span> <span class='ocrx_word' id='word_1_214' title='bbox 729 1803 845 1838; x_wconf 82' lang='lat' dir='ltr'><strong>recte</strong></span> <span class='ocrx_word' id='word_1_215' title='bbox 868 1796 1097 1837; x_wconf 88' lang='lat' dir='ltr'><strong>collectum</strong></span> <span class='ocrx_word' id='word_1_216' title='bbox 1120 1803 1185 1837; x_wconf 86' lang='lat' dir='ltr'><strong>cst</strong></span> <span class='ocrx_word' id='word_1_217' title='bbox 1216 1795 1321 1846; x_wconf 85' lang='lat' dir='ltr'><strong>(vid.</strong></span> <span class='ocrx_word' id='word_1_218' title='bbox 1340 1794 1492 1837; x_wconf 85' lang='lat' dir='ltr'><strong>Matth.</strong></span> <span class='ocrx_word' id='word_1_219' title='bbox 1527 1812 1570 1853; x_wconf 88' lang='lat' dir='ltr'><strong>p.</strong></span> <span class='ocrx_word' id='word_1_220' title='bbox 1590 1794 1696 1850; x_wconf 82' lang='lat'><strong>289)</strong></span> 
     </span>
     <span class='ocr_line' id='line_1_24' title="bbox 239 1862 1698 1921; baseline -0.001 -16"><span class='ocrx_word' id='word_1_221' title='bbox 239 1880 423 1921; x_wconf 85' lang='lat' dir='ltr'><strong>quorum</strong></span> <span class='ocrx_word' id='word_1_222' title='bbox 454 1864 670 1920; x_wconf 70' lang='lat' dir='ltr'><strong>Archytas</strong></span> <span class='ocrx_word' id='word_1_223' title='bbox 703 1862 824 1905; x_wconf 87' lang='lat' dir='ltr'><strong>Stoh.</strong></span> <span class='ocrx_word' id='word_1_224' title='bbox 866 1863 982 1904; x_wconf 89' lang='lat' dir='ltr'><strong>Flor.</strong></span> <span class='ocrx_word' id='word_1_225' title='bbox 1024 1864 1072 1916; x_wconf 90' lang='lat' dir='ltr'><strong>I,</strong></span> <span class='ocrx_word' id='word_1_226' title='bbox 1106 1863 1173 1904; x_wconf 86' lang='lat'><strong>75.</strong></span> <span class='ocrx_word' id='word_1_227' title='bbox 1208 1863 1262 1905; x_wconf 90' lang='grc'><strong>76</strong></span> <span class='ocrx_word' id='word_1_228' title='bbox 1310 1863 1336 1902; x_wconf 75' lang='grc' dir='ltr'><strong>οἳ</strong></span> <span class='ocrx_word' id='word_1_229' title='bbox 1378 1863 1447 1913; x_wconf 71' lang='grc' dir='ltr'><strong>μέν</strong></span> <span class='ocrx_word' id='word_1_230' title='bbox 1487 1890 1538 1895; x_wconf 87' lang='lat'>—</span> <span class='ocrx_word' id='word_1_231' title='bbox 1587 1864 1613 1903; x_wconf 72' lang='lat' dir='ltr'><strong>ii</strong></span> <span class='ocrx_word' id='word_1_232' title='bbox 1652 1864 1698 1903; x_wconf 75' lang='grc' dir='ltr'><em>δέ</em></span> 
     </span>
     <span class='ocr_line' id='line_1_25' title="bbox 240 1929 1694 1988; baseline -0.001 -16"><span class='ocrx_word' id='word_1_233' title='bbox 240 1948 283 1972; x_wconf 84' lang='grc' dir='ltr'><strong>ιι.</strong></span> <span class='ocrx_word' id='word_1_234' title='bbox 316 1933 377 1988; x_wconf 83' lang='lat' dir='ltr'><strong>pt.</strong></span> <span class='ocrx_word' id='word_1_235' title='bbox 399 1962 411 1982; x_wconf 91' lang='lat'><strong>,</strong></span> <span class='ocrx_word' id='word_1_236' title='bbox 445 1931 560 1972; x_wconf 87' lang='lat' dir='ltr'><strong>Tim.</strong></span> <span class='ocrx_word' id='word_1_237' title='bbox 596 1931 647 1972; x_wconf 86' lang='lat' dir='ltr'><strong>dc</strong></span> <span class='ocrx_word' id='word_1_238' title='bbox 679 1948 747 1972; x_wconf 86' lang='lat' dir='ltr'><strong>an.</strong></span> <span class='ocrx_word' id='word_1_239' title='bbox 782 1931 931 1972; x_wconf 87' lang='lat' dir='ltr'><strong>mund.</strong></span> <span class='ocrx_word' id='word_1_240' title='bbox 964 1947 1007 1988; x_wconf 91' lang='lat' dir='ltr'><strong>p.</strong></span> <span class='ocrx_word' id='word_1_241' title='bbox 1040 1931 1110 1973; x_wconf 83' lang='lat'><strong>95.</strong></span> <span class='ocrx_word' id='word_1_242' title='bbox 1143 1930 1184 1971; x_wconf 94' lang='lat' dir='ltr'>D</span> <span class='ocrx_word' id='word_1_243' title='bbox 1218 1929 1323 1970; x_wconf 77' lang='grc' dir='ltr'><em>καθ’</em></span> <span class='ocrx_word' id='word_1_244' title='bbox 1358 1930 1381 1970; x_wconf 76' lang='grc' dir='ltr'><em>ὃ</em></span> <span class='ocrx_word' id='word_1_245' title='bbox 1409 1931 1479 1981; x_wconf 67' lang='grc' dir='ltr'><strong>μέν</strong></span> <span class='ocrx_word' id='word_1_246' title='bbox 1508 1956 1535 1961; x_wconf 85' lang='grc'><strong>-</strong></span> <span class='ocrx_word' id='word_1_247' title='bbox 1590 1930 1694 1971; x_wconf 81' lang='grc' dir='ltr'><strong>καθ’</strong></span> 
     </span>
     <span class='ocr_line' id='line_1_26' title="bbox 241 1996 1694 2056; baseline 0.001 -18"><span class='ocrx_word' id='word_1_248' title='bbox 241 1999 288 2038; x_wconf 78' lang='grc' dir='ltr'><strong>ἂν</strong></span> <span class='ocrx_word' id='word_1_249' title='bbox 321 1999 365 2037; x_wconf 72' lang='grc' dir='ltr'><strong>δέ</strong></span> <span class='ocrx_word' id='word_1_250' title='bbox 392 2007 473 2038; x_wconf 88' lang='lat' dir='ltr'><strong>etc.</strong></span> <span class='ocrx_word' id='word_1_251' title='bbox 550 1997 641 2039; x_wconf 83' lang='lat' dir='ltr'><strong>Nec</strong></span> <span class='ocrx_word' id='word_1_252' title='bbox 674 1999 806 2039; x_wconf 90' lang='lat' dir='ltr'><strong>multo</strong></span> <span class='ocrx_word' id='word_1_253' title='bbox 839 1997 1010 2055; x_wconf 78' lang='lat' dir='ltr'><strong>gravior</strong></span> <span class='ocrx_word' id='word_1_254' title='bbox 1040 2004 1105 2037; x_wconf 88' lang='lat' dir='ltr'><strong>est</strong></span> <span class='ocrx_word' id='word_1_255' title='bbox 1136 1996 1365 2037; x_wconf 85' lang='lat' dir='ltr'><strong>auctoritas</strong></span> <span class='ocrx_word' id='word_1_256' title='bbox 1396 2012 1571 2051; x_wconf 70' lang='lat' dir='ltr'><strong>vcrsuS,</strong></span> <span class='ocrx_word' id='word_1_257' title='bbox 1618 1999 1694 2056; x_wconf 84' lang='lat' dir='ltr'><strong>qui</strong></span> 
     </span>
     <span class='ocr_line' id='line_1_27' title="bbox 240 2062 1696 2121; baseline 0 -15"><span class='ocrx_word' id='word_1_258' title='bbox 240 2064 552 2121; x_wconf 83' lang='lat' dir='ltr'><strong>Epicharmeus</strong></span> <span class='ocrx_word' id='word_1_259' title='bbox 585 2064 742 2105; x_wconf 85' lang='lat' dir='ltr'><strong>dieitur</strong></span> <span class='ocrx_word' id='word_1_260' title='bbox 773 2065 825 2105; x_wconf 85' lang='lat' dir='ltr'><strong>fr.</strong></span> <span class='ocrx_word' id='word_1_261' title='bbox 863 2064 943 2106; x_wconf 84' lang='grc'><strong>136</strong></span> <span class='ocrx_word' id='word_1_262' title='bbox 984 2065 1004 2104; x_wconf 87' lang='grc' dir='ltr'>ὁ</span> <span class='ocrx_word' id='word_1_263' title='bbox 1045 2063 1198 2118; x_wconf 69' lang='grc' dir='ltr'><em>τρόπος</em></span> <span class='ocrx_word' id='word_1_264' title='bbox 1237 2062 1500 2116; x_wconf 72' lang='grc' dir='ltr'>ἀνθρώποισι</span> <span class='ocrx_word' id='word_1_265' title='bbox 1543 2066 1696 2117; x_wconf 68' lang='grc' dir='ltr'><em>δαίμων</em></span> 
     </span>
     <span class='ocr_line' id='line_1_28' title="bbox 242 2130 1694 2187; baseline 0.002 -15"><span class='ocrx_word' id='word_1_266' title='bbox 242 2132 430 2186; x_wconf 66' lang='grc' dir='ltr'><strong>ἁγαθός,</strong></span> <span class='ocrx_word' id='word_1_267' title='bbox 479 2132 538 2178; x_wconf 70' lang='grc' dir='ltr'><strong>οἷς</strong></span> <span class='ocrx_word' id='word_1_268' title='bbox 572 2133 612 2171; x_wconf 71' lang='grc' dir='ltr'><em>δέ</em></span> <span class='ocrx_word' id='word_1_269' title='bbox 643 2133 712 2171; x_wconf 72' lang='lat' dir='ltr'><strong>uu?</strong></span> <span class='ocrx_word' id='word_1_270' title='bbox 745 2130 890 2178; x_wconf 61' lang='grc' dir='ltr'><strong><em>κακός.</em></strong></span> <span class='ocrx_word' id='word_1_271' title='bbox 965 2130 1073 2171; x_wconf 79' lang='lat' dir='ltr'><strong>Nam</strong></span> <span class='ocrx_word' id='word_1_272' title='bbox 1117 2139 1161 2172; x_wconf 90' lang='lat' dir='ltr'><strong>ut</strong></span> <span class='ocrx_word' id='word_1_273' title='bbox 1202 2130 1314 2187; x_wconf 87' lang='lat' dir='ltr'><strong>apud</strong></span> <span class='ocrx_word' id='word_1_274' title='bbox 1347 2130 1580 2173; x_wconf 89' lang='lat' dir='ltr'><strong>Stobaeum</strong></span> <span class='ocrx_word' id='word_1_275' title='bbox 1612 2133 1694 2175; x_wconf 84' lang='lat' dir='ltr'><strong>alia</strong></span> 
     </span>
     <span class='ocr_line' id='line_1_29' title="bbox 240 2197 1694 2257; baseline 0.001 -16"><span class='ocrx_word' id='word_1_276' title='bbox 240 2200 461 2257; x_wconf 88' lang='lat' dir='ltr'><strong>complura</strong></span> <span class='ocrx_word' id='word_1_277' title='bbox 492 2200 731 2255; x_wconf 76' lang='lat' dir='ltr'><strong>fragmenta</strong></span> <span class='ocrx_word' id='word_1_278' title='bbox 763 2199 871 2239; x_wconf 84' lang='lat' dir='ltr'><strong>male</strong></span> <span class='ocrx_word' id='word_1_279' title='bbox 902 2197 1162 2254; x_wconf 84' lang='lat' dir='ltr'><strong>Epicharmo</strong></span> <span class='ocrx_word' id='word_1_280' title='bbox 1193 2199 1494 2254; x_wconf 80' lang='lat' dir='ltr'><strong>assignantur,</strong></span> <span class='ocrx_word' id='word_1_281' title='bbox 1527 2199 1583 2241; x_wconf 81' lang='lat' dir='ltr'><strong>ita</strong></span> <span class='ocrx_word' id='word_1_282' title='bbox 1614 2201 1694 2242; x_wconf 87' lang='lat' dir='ltr'><strong>hoe</strong></span> 
     </span>
     <span class='ocr_line' id='line_1_30' title="bbox 241 2265 1695 2324; baseline 0 -16"><span class='ocrx_word' id='word_1_283' title='bbox 241 2282 415 2324; x_wconf 88' lang='lat' dir='ltr'><strong>quoquc</strong></span> <span class='ocrx_word' id='word_1_284' title='bbox 459 2265 771 2307; x_wconf 83' lang='lat' dir='ltr'><strong>Menandrcum</strong></span> <span class='ocrx_word' id='word_1_285' title='bbox 817 2265 961 2322; x_wconf 89' lang='lat' dir='ltr'><strong>potins</strong></span> <span class='ocrx_word' id='word_1_286' title='bbox 1008 2282 1133 2322; x_wconf 86' lang='lat' dir='ltr'><strong>quam</strong></span> <span class='ocrx_word' id='word_1_287' title='bbox 1182 2266 1514 2322; x_wconf 87' lang='lat' dir='ltr'><strong>Epicharmeum</strong></span> <span class='ocrx_word' id='word_1_288' title='bbox 1561 2285 1695 2321; x_wconf 81' lang='grc' dir='ltr'><strong><em>χαρα-</em></strong></span> 
     </span>
     <span class='ocr_line' id='line_1_31' title="bbox 241 2333 1690 2392; baseline 0.001 -18"><span class='ocrx_word' id='word_1_289' title='bbox 241 2337 374 2387; x_wconf 66' lang='grc' dir='ltr'><em>κτῆρα</em></span> <span class='ocrx_word' id='word_1_290' title='bbox 405 2333 560 2374; x_wconf 81' lang='lat' dir='ltr'><strong>habere</strong></span> <span class='ocrx_word' id='word_1_291' title='bbox 593 2333 776 2374; x_wconf 68' lang='lat' dir='ltr'><strong>videtur.</strong></span> <span class='ocrx_word' id='word_1_292' title='bbox 840 2333 1130 2374; x_wconf 80' lang='lat' dir='ltr'><strong>Rhinthonem</strong></span> <span class='ocrx_word' id='word_1_293' title='bbox 1171 2334 1215 2374; x_wconf 89' lang='lat' dir='ltr'><strong>iu</strong></span> <span class='ocrx_word' id='word_1_294' title='bbox 1248 2350 1372 2375; x_wconf 73' lang='lat' dir='ltr'><strong>versu</strong></span> <span class='ocrx_word' id='word_1_295' title='bbox 1403 2334 1517 2392; x_wconf 83' lang='lat' dir='ltr'><strong>apud</strong></span> <span class='ocrx_word' id='word_1_296' title='bbox 1550 2334 1690 2377; x_wconf 82' lang='lat' dir='ltr'><strong>Cicer.</strong></span> 
     </span>
     <span class='ocr_line' id='line_1_32' title="bbox 241 2401 1695 2453; baseline 0.001 -11"><span class='ocrx_word' id='word_1_297' title='bbox 241 2401 294 2442; x_wconf 79' lang='lat' dir='ltr'><strong>ad</strong></span> <span class='ocrx_word' id='word_1_298' title='bbox 326 2403 419 2442; x_wconf 83' lang='lat' dir='ltr'><strong>Att.</strong></span> <span class='ocrx_word' id='word_1_299' title='bbox 455 2401 501 2453; x_wconf 87' lang='lat' dir='ltr'><strong>l,</strong></span> <span class='ocrx_word' id='word_1_300' title='bbox 533 2401 588 2443; x_wconf 80' lang='lat'><strong>20</strong></span> <span class='ocrx_word' id='word_1_301' title='bbox 619 2409 784 2442; x_wconf 63' lang='lat' dir='ltr'><strong>serxato</strong></span> <span class='ocrx_word' id='word_1_302' title='bbox 829 2404 864 2441; x_wconf 81' lang='grc' dir='ltr'><strong>οἱ</strong></span> <span class='ocrx_word' id='word_1_303' title='bbox 895 2404 964 2451; x_wconf 71' lang='grc' dir='ltr'><strong>μὲν</strong></span> <span class='ocrx_word' id='word_1_304' title='bbox 995 2401 1098 2453; x_wconf 72' lang='grc' dir='ltr'><strong>παρ’</strong></span> <span class='ocrx_word' id='word_1_305' title='bbox 1132 2401 1245 2443; x_wconf 63' lang='grc' dir='ltr'><em>οὐδέν</em></span> <span class='ocrx_word' id='word_1_306' title='bbox 1279 2404 1407 2451; x_wconf 70' lang='grc' dir='ltr'>εἰσιν,</span> <span class='ocrx_word' id='word_1_307' title='bbox 1456 2403 1515 2449; x_wconf 76' lang='grc' dir='ltr'><strong>οἷς</strong></span> <span class='ocrx_word' id='word_1_308' title='bbox 1550 2401 1591 2441; x_wconf 81' lang='grc' dir='ltr'><strong>δ’</strong></span> <span class='ocrx_word' id='word_1_309' title='bbox 1624 2401 1695 2443; x_wconf 78' lang='grc' dir='ltr'><strong>οὐ-</strong></span> 
     </span>
     <span class='ocr_line' id='line_1_33' title="bbox 243 2469 1692 2526; baseline 0.001 -18"><span class='ocrx_word' id='word_1_310' title='bbox 243 2470 306 2509; x_wconf 69' lang='grc' dir='ltr'><strong>δὲν</strong></span> <span class='ocrx_word' id='word_1_311' title='bbox 346 2471 474 2520; x_wconf 58' lang='grc' dir='ltr'>μέλει,</span> <span class='ocrx_word' id='word_1_312' title='bbox 521 2469 800 2509; x_wconf 83' lang='lat' dir='ltr'><strong>recentiorem</strong></span> <span class='ocrx_word' id='word_1_313' title='bbox 843 2469 1201 2510; x_wconf 85' lang='lat' dir='ltr'><strong>consuetudinem</strong></span> <span class='ocrx_word' id='word_1_314' title='bbox 1246 2478 1474 2526; x_wconf 85' lang='lat' dir='ltr'><strong>sequutum</strong></span> <span class='ocrx_word' id='word_1_315' title='bbox 1505 2483 1602 2510; x_wconf 85' lang='lat' dir='ltr'><strong>esse</strong></span> <span class='ocrx_word' id='word_1_316' title='bbox 1634 2469 1692 2510; x_wconf 82' lang='lat' dir='ltr'><strong>sa-</strong></span> 
     </span>
     <span class='ocr_line' id='line_1_34' title="bbox 242 2535 1692 2592; baseline 0 -15"><span class='ocrx_word' id='word_1_317' title='bbox 242 2536 369 2577; x_wconf 83' lang='lat' dir='ltr'><strong>cilius</strong></span> <span class='ocrx_word' id='word_1_318' title='bbox 409 2536 660 2578; x_wconf 82' lang='lat' dir='ltr'><strong>credideris.</strong></span> <span class='ocrx_word' id='word_1_319' title='bbox 725 2536 945 2577; x_wconf 77' lang='lat' dir='ltr'><strong>Dialectns</strong></span> <span class='ocrx_word' id='word_1_320' title='bbox 990 2545 1127 2578; x_wconf 84' lang='lat' dir='ltr'><strong>tamen</strong></span> <span class='ocrx_word' id='word_1_321' title='bbox 1161 2535 1321 2577; x_wconf 88' lang='lat' dir='ltr'><strong>Dorica</strong></span> <span class='ocrx_word' id='word_1_322' title='bbox 1368 2538 1445 2576; x_wconf 77' lang='grc' dir='ltr'><strong>ἐντι</strong></span> <span class='ocrx_word' id='word_1_323' title='bbox 1488 2536 1692 2592; x_wconf 81' lang='lat' dir='ltr'><strong>postulat,</strong></span> 
     </span>
     <span class='ocr_line' id='line_1_35' title="bbox 243 2602 1693 2661; baseline 0 -17"><span class='ocrx_word' id='word_1_324' title='bbox 243 2603 360 2661; x_wconf 89' lang='lat' dir='ltr'><strong>quod</strong></span> <span class='ocrx_word' id='word_1_325' title='bbox 391 2603 635 2660; x_wconf 79' lang='lat' dir='ltr'><strong>appositieii</strong></span> <span class='ocrx_word' id='word_1_326' title='bbox 677 2622 695 2642; x_wconf 64' lang='grc' dir='ltr'><strong>ι’</strong></span> <span class='ocrx_word' id='word_1_327' title='bbox 739 2603 965 2660; x_wconf 78' lang='lat' dir='ltr'><strong>impatiens</strong></span> <span class='ocrx_word' id='word_1_328' title='bbox 999 2613 1076 2645; x_wconf 75' lang='lat' dir='ltr'><strong>cst.</strong></span> <span class='ocrx_word' id='word_1_329' title='bbox 1157 2604 1305 2660; x_wconf 83' lang='lat' dir='ltr'><strong>Itaque</strong></span> <span class='ocrx_word' id='word_1_330' title='bbox 1337 2619 1466 2660; x_wconf 86' lang='lat' dir='ltr'><strong>quum</strong></span> <span class='ocrx_word' id='word_1_331' title='bbox 1499 2602 1693 2644; x_wconf 81' lang='lat' dir='ltr'><strong>Orellius</strong></span> 
     </span>
     <span class='ocr_line' id='line_1_36' title="bbox 245 2669 1696 2723; baseline 0.001 -12"><span class='ocrx_word' id='word_1_332' title='bbox 245 2671 482 2711; x_wconf 83' lang='lat' dir='ltr'><strong>secundum</strong></span> <span class='ocrx_word' id='word_1_333' title='bbox 523 2671 780 2712; x_wconf 84' lang='lat' dir='ltr'><strong>Lambinum</strong></span> <span class='ocrx_word' id='word_1_334' title='bbox 825 2673 898 2710; x_wconf 57' lang='lat' dir='ltr'><strong>rim</strong></span> <span class='ocrx_word' id='word_1_335' title='bbox 952 2672 1031 2717; x_wconf 67' lang='grc' dir='ltr'><strong>τοῖς</strong></span> <span class='ocrx_word' id='word_1_336' title='bbox 1075 2671 1284 2723; x_wconf 83' lang='lat' dir='ltr'><strong>ediderit,</strong></span> <span class='ocrx_word' id='word_1_337' title='bbox 1345 2670 1488 2711; x_wconf 78' lang='lat' dir='ltr'><strong>verius</strong></span> <span class='ocrx_word' id='word_1_338' title='bbox 1527 2669 1696 2712; x_wconf 76' lang='lat' dir='ltr'><strong>videtur</strong></span> 
     </span>
     <span class='ocr_line' id='line_1_37' title="bbox 244 2737 1697 2786; baseline 0.001 -10"><span class='ocrx_word' id='word_1_339' title='bbox 244 2739 346 2785; x_wconf 66' lang='lat' dir='ltr'><strong>ivn,</strong></span> <span class='ocrx_word' id='word_1_340' title='bbox 394 2740 490 2786; x_wconf 60' lang='grc' dir='ltr'><em>τοῖς.</em></span> <span class='ocrx_word' id='word_1_341' title='bbox 569 2738 738 2779; x_wconf 88' lang='lat' dir='ltr'><strong>Certior</strong></span> <span class='ocrx_word' id='word_1_342' title='bbox 779 2746 841 2779; x_wconf 80' lang='lat' dir='ltr'><strong>cst</strong></span> <span class='ocrx_word' id='word_1_343' title='bbox 882 2740 917 2779; x_wconf 84' lang='lat' dir='ltr'><strong>is</strong></span> <span class='ocrx_word' id='word_1_344' title='bbox 959 2738 1233 2780; x_wconf 73' lang='lat' dir='ltr'><strong>relativorum</strong></span> <span class='ocrx_word' id='word_1_345' title='bbox 1267 2754 1369 2779; x_wconf 84' lang='lat' dir='ltr'><strong>usus</strong></span> <span class='ocrx_word' id='word_1_346' title='bbox 1400 2738 1443 2779; x_wconf 89' lang='lat' dir='ltr'><strong>in</strong></span> <span class='ocrx_word' id='word_1_347' title='bbox 1477 2737 1697 2779; x_wconf 81' lang='lat' dir='ltr'><strong>adverbiis</strong></span> 
     </span>
     <span class='ocr_line' id='line_1_38' title="bbox 245 2803 1693 2859; baseline 0.001 -16"><span class='ocrx_word' id='word_1_348' title='bbox 245 2803 269 2853; x_wconf 78' lang='grc' dir='ltr'><em>ᾇ</em></span> <span class='ocrx_word' id='word_1_349' title='bbox 301 2807 370 2855; x_wconf 54' lang='grc' dir='ltr'><strong>μέν</strong></span> <span class='ocrx_word' id='word_1_350' title='bbox 398 2832 448 2836; x_wconf 79' lang='lat'>—</span> <span class='ocrx_word' id='word_1_351' title='bbox 483 2805 507 2855; x_wconf 70' lang='grc' dir='ltr'><strong><em>ᾇ</em></strong></span> <span class='ocrx_word' id='word_1_352' title='bbox 541 2807 604 2848; x_wconf 57' lang='grc' dir='ltr'><strong>δι’,</strong></span> <span class='ocrx_word' id='word_1_353' title='bbox 640 2813 684 2846; x_wconf 85' lang='lat' dir='ltr'><strong>nt</strong></span> <span class='ocrx_word' id='word_1_354' title='bbox 718 2806 760 2846; x_wconf 84' lang='lat' dir='ltr'><strong>in</strong></span> <span class='ocrx_word' id='word_1_355' title='bbox 784 2805 954 2847; x_wconf 73' lang='lat' dir='ltr'><strong>Heraci.</strong></span> <span class='ocrx_word' id='word_1_356' title='bbox 993 2807 1028 2852; x_wconf 67' lang='grc'><strong>1,</strong></span> <span class='ocrx_word' id='word_1_357' title='bbox 1062 2806 1113 2846; x_wconf 79' lang='grc'><strong>33</strong></span> <span class='ocrx_word' id='word_1_358' title='bbox 1148 2805 1371 2859; x_wconf 58' lang='grc' dir='ltr'>ἀπέχοντας</span> <span class='ocrx_word' id='word_1_359' title='bbox 1404 2804 1479 2845; x_wconf 75' lang='grc' dir='ltr'><strong>ἀπ’</strong></span> <span class='ocrx_word' id='word_1_360' title='bbox 1513 2803 1693 2845; x_wconf 58' lang='lat' dir='ltr'><strong>riudam</strong></span> 
     </span>
    </p>
   </div>
  </div>
 </body>
</html>
