1818 3108
260 214 372 265 XIV
901 213 1056 262 Index.

347 392 404 426 De
429 391 772 436 praepositionibus.
820 393 848 436 §—
874 396 930 429 28.
992 420 1578 431 ...........
1600 349 1696 430 Pla&

348 457 404 490 De
429 455 624 489 adverbiis.
673 456 701 499 §.
728 458 772 492 29
776 483 1580 494 ...............
1629 458 1696 492 152

346 519 404 552 De
429 529 554 551 vocum
579 518 846 553 soi-mandarum
873 520 1108 564 proprietate.
1159 521 1186 563 ξ.
1213 523 1268 556 30.
1338 544 1581 554 .....
1629 519 1695 553 157

344 583 402 617 De
427 583 595 617 universa
620 584 818 619 Lesbiacae
843 584 990 618 dialecti
1018 585 1152 618 indole.
1201 586 1230 628 ἕ.
1256 587 1296 620 31
1304 609 1578 621 ......
1629 584 1697 619 160

260 667 319 698 {⁸0
353 664 557 699 dialecto
587 665 820 699 Boeotica.

343 727 400 761 De
423 727 594 762 fontibus.
644 731 674 773 §.
701 729 746 763 32
753 751 1582 763 ...............
1630 728 1696 762 164

339 791 399 825 De
422 799 582 826 accentu.
632 795 660 836 ἕ.
686 794 741 827 33.
807 815 1578 827 ..............
1583 828 1585 830 ,
1628 791 1696 826 166

339 855 399 890 De
422 856 567 900 spiritu.
616 857 644 898 §.
671 857 726 891 34.
811 880 1579 892 ..............
1629 856 1696 890 168

339 920 398 954 De
423 921 619 963 digamma.
668 921 696 964 §.
723 922 766 956 35
771 944 1579 956 ...............
1629 921 1697 954 169

338 983 398 1017 De
421 983 704 1017 consonantibus
727 982 968 1027 simplicibus.
1015 986 1044 1027 ᾗ.
1071 985 1116 1019 36
1120 1008 1579 1017 .........
1629 983 1696 1016 172

338 1045 398 1078 De
422 1045 702 1079 consonantibus
727 1045 937 1090 duplicibus
963 1053 997 1079 et
1022 1045 1230 1090 duplicatis.
1279 1048 1307 1090 ξ.
1334 1046 1388 1080 37.
1454 1071 1460 1077 .
1513 1069 1521 1078 .
1570 1069 1579 1078 .
1628 1043 1697 1078 175

340 1107 399 1141 De
426 1107 612 1141 vocalibus
638 1107 822 1142 brevibus.
872 1108 899 1149 §.
924 1111 978 1143 32⁴.
1048 1134 1054 1139 .
1106 1134 1113 1141 .
1165 1134 1171 1141 .
1223 1120 1230 1139 :
1282 1132 1579 1141 ......
1629 1107 1698 1141 178

340 1172 396 1205 De
420 1171 607 1206 vocalibus
632 1171 766 1215 longis.
815 1171 844 1213 §.
870 1174 925 1206 39.
983 1193 1579 1205 ...........
1629 1171 1696 1204 181

336 1237 395 1270 De
419 1236 671 1281 diphthongis.
722 1237 749 1278 §.
775 1237 820 1269 40
824 1260 1573 1270 ..............
1624 1235 1692 1269 186

336 1299 396 1332 De
419 1298 617 1333 Boeoticae
642 1297 789 1332 dialecti
825 1298 861 1330 in
888 1298 1076 1331 vocalibus
1110 1295 1342 1342 proferendis
1376 1297 1580 1331 inconstan-

426 1360 487 1395 tia.
536 1361 565 1403 §.
589 1361 630 1395 41
639 1385 1577 1398 ..................
1627 1360 1695 1394 194
1732 1400 1735 1402 ,

335 1422 394 1456 De
420 1424 607 1457 vocalibus
632 1424 874 1468 productione
897 1424 1126 1469 suppletoria
1151 1425 1252 1458 ortis.
1302 1427 1330 1470 §.
1361 1425 1416 1458 42.
1451 1450 1462 1461 .
1512 1450 1518 1456 .
1570 1449 1578 1458 .
1626 1425 1696 1458 200
1760 1420 1764 1430 ’

335 1487 394 1521 De
420 1487 678 1522 contractione.
726 1490 756 1533 §.
783 1490 826 1523 43
833 1512 1578 1524 ..............
1626 1488 1692 1522 201

338 1551 394 1583 De
419 1551 676 1585 declinatione.
724 1554 752 1596 §.
776 1552 820 1585 44
825 1575 1578 1588 ..............
1626 1551 1693 1585 202

334 1615 394 1648 De
419 1615 707 1659 pronominibus.
757 1615 786 1658 §.
812 1617 856 1650 45
862 1640 1578 1650 .............
1626 1616 1694 1650 206

335 1679 394 1712 De
418 1679 683 1722 conjugatione.
732 1681 760 1721 ἒ.
787 1681 843 1715 46.
924 1704 1576 1713 ............
1625 1680 1694 1714 208

340 1742 396 1775 De
422 1742 768 1787 praepositionibus.
821 1743 850 1786 §.
877 1744 920 1776 47
925 1767 1575 1777 ............
1624 1743 1692 1778 212

332 1805 392 1840 De
416 1806 682 1852 patronymicis
707 1813 741 1840 et
767 1806 1006 1840 diminutivis.
1055 1807 1084 1849 ζ).
1109 1806 1164 1840 48.
1216 1831 1224 1838 .
1277 1832 1283 1839 .
1335 1831 1341 1836 .
1389 1832 1398 1840 .
1450 1832 1457 1839 .
1508 1832 1516 1839 .
1567 1832 1576 1839 .
1624 1807 1693 1841 214

330 1869 392 1903 De
415 1868 614 1904 Boeoticae
639 1869 787 1903 dialecti
813 1869 939 1902 indole
963 1876 998 1902 et
1022 1868 1249 1911 antiquitate.
1299 1869 1327 1910 §.
1354 1869 1408 1903 49.
1450 1895 1457 1901 .
1507 1894 1517 1904 .
1565 1894 1574 1902 .
1623 1870 1693 1905 216

242 1949 309 1982 'Dc
334 1948 538 1984 dialecto
564 1949 854 1984 Thessalica.
903 1949 930 1992 §.
959 1950 1014 1983 50.
1098 1972 1623 1982 ..........
1622 1949 1644 1984 2
1649 1951 1692 1985 18

248 2029 541 2063 Aeolicarum
567 2030 876 2064 dialectorum
902 2030 1026 2063 inter
1050 2039 1095 2062 se
1119 2029 1423 2074 comparatio.
1473 2031 1574 2074 551.
1621 2031 1690 2066 222

243 2106 310 2141 De
333 2107 564 2143 dialectis
589 2108 968 2143 Pseudaeolicis.

333 2170 393 2204 De
418 2171 576 2205 dialecto
601 2172 786 2205 Eleorum.
837 2175 867 2216 ς’.
893 2172 936 2205 52
941 2196 1572 2206 ............
1621 2172 1689 2208 225

331 2235 391 2269 De
416 2235 573 2269 dialecto
598 2237 788 2269 Arcadica.
839 2236 869 2278 §.
895 2236 950 2270 53.
1037 2260 1573 2270 ..........
1621 2237 1689 2272 231

331 2298 392 2332 De
416 2299 570 2341 reliquis
594 2299 762 2334 dialectis
786 2298 1074 2338 Pseudaeolicis.
1124 2299 1152 2342 ξ.
1181 2301 1236 2335 51.
1271 2326 1278 2332 .
1329 2325 1336 2332 .
1389 2326 1395 2331 .
1447 2327 1453 2332 .
1506 2328 1511 2333 .
1563 2326 1572 2334 .
1620 2301 1689 2338 234

243 2379 503 2425 ΛμροηάἰΧ.

330 2443 457 2477 Alcaei
483 2444 683 2486 fragmenta
689 2469 1572 2478 ................
1620 2445 1684 2481 241

328 2504 500 2549 Sapphus
523 2507 723 2549 fragmenta
729 2530 1572 2539 ...............
1617 2506 1686 2540 256

331 2568 521 2604 Theocriti
549 2569 718 2603 Carmina
744 2569 903 2605 Aeolica.
981 2593 1569 2604 ...........
1617 2569 1686 2603 274

330 2632 511 2666 Corinnae
537 2634 736 2677 fragmenta
741 2657 1569 2667 ...............
1618 2633 1685 2669 277

329 2696 474 2730 Foedus
498 2697 672 2730 Eleorum
695 2705 730 2731 et
755 2695 1026 2730 lleraecnsiuxn.
1091 2720 1569 2730 .........
1615 2697 1685 2731 280

789 2803 860 2810 ,-
906 2805 1080 2809 ...“,-,ᾈ
