1779 3079
223 179 287 229 74
692 183 765 229 De
802 184 1180 232 consonantibus.

221 335 301 378 pro
341 319 546 368 παστάδες
564 322 623 372 5),
683 319 797 377 quod
824 337 958 378 aeque
989 321 1249 364 Laconicum
1280 338 1374 365 esse
1404 321 1663 366 verisimilli-

220 404 336 430 mum
365 394 445 429 est.

332 455 467 497 Iidem
509 461 647 496 tamen
686 455 880 498 Lacones
924 457 1036 498 haud
1074 472 1168 498 raro
1215 473 1240 498 σ
1278 456 1475 513 sequenti
1515 468 1664 501 conso·

222 522 341 564 nanti
381 521 693 576 assimilarunt‚
743 530 790 564 ut
828 524 965 576 βεττόν
1000 541 1078 582 pro
1117 523 1261 578 βεστόν
1304 524 1390 566 vid.
1436 519 1475 581 ἓ.
1509 525 1588 578 13,
1619 524 1660 565 4.

225 590 344 644 Quas
383 590 502 647 leges
540 590 710 647 sequuti
741 606 866 633 unam
897 592 1121 634 alteramve
1149 592 1426 634 mutationem
1455 591 1664 648 praetule-

219 659 305 699 rint
324 690 336 711 ‚
367 658 482 699 latet.

331 725 376 778 4)
433 724 640 780 Ejusdem
671 725 918 766 mutaiiouis
947 726 1060 782 apud
1088 726 1194 768 alios
1218 726 1500 768 Doriensium
1528 726 1664 769 factae

218 809 334 835 nunc
362 792 538 834 unicum
569 792 811 849 exemplum
841 799 953 833 extat
982 792 1025 833 in
1057 793 1200 849 glossa
1219 793 1494 850 Hcsychiana
1522 792 1660 846 τεόρ,

219 864 321 903 σοῦ·
354 863 514 915 Κρῆτες
544 875 623 916 pro
654 859 768 906 τέος,
803 873 888 915 quo
917 859 990 900 alii
1018 860 1257 902 Dorienses
1286 861 1529 903 utebantur.
1576 860 1662 903 Nc-

214 943 323 986 que,
373 943 617 986 quanquam
656 926 700 967 in
733 925 915 967 Creticis
948 926 1080 968 titulis
1110 927 1277 970 nullum
1309 928 1402 983 ejus
1432 928 1564 970 moris
1593 943 1662 970 vc·

214 996 390 1053 stigium
420 994 778 1051 deprehenditur,
825 993 1090 1036 confidenter
1126 995 1372 1052 negaverim
1409 1011 1508 1037 eum
1536 994 1663 1036 etiam

212 1080 236 1105 a
265 1063 403 1121 plebis
433 1062 674 1104 elocutione
703 1061 888 1103 alienum
918 1061 1066 1104 fuisse.
1143 1063 1304 1106 Contra
1345 1063 1461 1121 quod
1499 1062 1662 1106 Boeck-

210 1132 308 1173 hius
338 1131 383 1172 in
413 1130 585 1188 antiqua
613 1128 895 1186 inscriptione
923 1129 1117 1173 Theraca
1146 1147 1212 1173 nr.
1246 1133 1273 1174 4
1302 1131 1389 1188 legi
1408 1130 1536 1186 jubet
1562 1128 1664 1172 ‘Po'-

215 1201 305 1253 ὃιορ
337 1199 366 1239 i.
400 1215 438 1240 e.
470 1198 666 1251 “[)όὸιος,
696 1213 836 1254 neque
867 1197 912 1239 in
941 1213 1106 1240 summa
1134 1198 1373 1241 vicinorum
1402 1196 1661 1240 obscuritate

211 1267 413 1324 cuiquam
450 1272 612 1308 eertum
647 1264 784 1307 videri
823 1272 964 1322 potest
999 1282 1139 1323 neque
1177 1282 1256 1308 nos
1287 1267 1442 1309 falsum
1471 1279 1661 1322 pronun-

210 1334 315 1376 tiare
359 1334 617 1376 dubitamus.
703 1333 814 1375 Nam
853 1349 993 1391 neque
1033 1340 1251 1392 praeterea
1292 1334 1336 1375 in
1368 1334 1661 1375 Theraeorum

211 1403 394 1445 dialecto
423 1402 564 1444 simile
594 1402 826 1460 quidquam
856 1400 1094 1459 reperitur,
1129 1409 1200 1456 et,
1231 1402 1269 1444 si
1300 1401 1398 1459 quis
1427 1416 1450 1442 a
1480 1397 1660 1441 Laconi·

211 1471 291 1512 bus
331 1470 496 1513 colonis
537 1470 658 1512 istam
690 1469 992 1528 proprietatem
1023 1476 1286 1527 apportatam
1314 1475 1463 1527 postea
1491 1465 1659 1508 obsole-

210 1539 323 1580 visse
361 1538 612 1591 arbitretur,
672 1554 726 1579 ne
766 1536 851 1595 ipsi
889 1536 1062 1594 quidem
1092 1538 1284 1580 Lacones
1320 1543 1417 1578 aute
1448 1533 1660 1577 coloniam

146 1629 149 1632 ⁴
208 1606 444 1648 Thcraeam
470 1622 520 1648 ea
538 1606 770 1648 mutatione
801 1604 870 1647 usi
899 1620 994 1647 esse
1024 1605 1252 1657 videntur,
1283 1605 1335 1646 de
1366 1618 1450 1662 qua
1471 1616 1518 1643 rc
1547 1600 1659 1642 infra

208 1675 331 1732 plura
360 1674 688 1733 disputabimus.

863 1796 903 1856 ς.
945 1801 986 1844 9.

289 1893 366 1923 lle
391 1901 409 1922 6
433 1900 464 1922 a
490 1892 791 1930 Laconibus,
823 1894 1009 1932 Argivis
1037 1895 1085 1924 et
1110 1890 1416 1930 Pannplnyliis
1443 1882 1572 1922 liner

429 1949 621 1982 vot-ales
645 1951 697 1981 in
722 1952 944 1990 spiritum
967 1958 1194 1990 asperum
1222 1948 1424 1978 mutato.

323 2029 362 2077 l)
423 2026 627 2079 Constat,
669 2042 816 2069 omues
849 2027 1037 2069 Graecos
1077 2043 1203 2084 saepe
1244 2034 1284 2068 ct
1323 2024 1487 2066 initiale
1518 2025 1653 2081 sigma

207 2097 251 2137 in
281 2095 478 2153 spiritum
519 2110 717 2151 asperum
755 2095 1043 2149 convertisse,
1088 2102 1133 2135 ut
1172 2098 1293 2143 ἕκτα,
1338 2099 1568 2150 septem,
1612 2098 1654 2134 ct

206 2163 390 2205 medium
435 2162 547 2203 inter
583 2161 749 2203 vocales
798 2162 1004 2217 ejecisse,
1066 2171 1111 2204 ut
1140 2162 1303 2203 τύῑιτεαι
1334 2176 1412 2218 pro
1441 2159 1647 2200 τύπτεσαι.

209 2231 399 2274 Ulterius
441 2228 659 2287 progressi
698 2236 798 2270 sunt
837 2230 1117 2272 Doriensium
1157 2245 1252 2286 pars
1296 2245 1393 2270 eum
1435 2227 1530 2269 aliis
1560 2225 1652 2285 qui-

206 2299 385 2340 husdam
417 2297 617 2348 Graecis,
650 2297 808 2354 quippe
840 2298 913 2354 qui
944 2298 1070 2339 etiam
1104 2314 1127 2337 σ
1155 2297 1285 2353 vulgo
1316 2296 1511 2337 relietum
1542 2294 1653 2337 inter

205 2367 373 2409 vocales
404 2365 610 2420 ejicerent
639 2365 706 2406 vel
736 2364 878 2422 potius
910 2366 952 2405 in
986 2366 1181 2423 spiritum
1204 2379 1400 2421 asperum
1423 2367 1647 2403 nuntarent.

209 2434 397 2491 Insignis
427 2442 491 2475 est
518 2433 569 2474 de
599 2433 679 2474 hoe
710 2449 825 2473 more
859 2431 1312 2490 fflymohvgicih‘lagni
1344 2431 1545 2482 locus1)‚
1576 2427 1650 2486 qui

249 2598 284 2632 5)
334 2594 379 2627 “s.
409 2593 568 2638 Hesycll.
604 2593 823 2630 παστάδες
860 2613 894 2618 —-
934 2591 1095 2631 ἀμπέλων
1126 2592 1160 2624 αἱ
1193 2591 1363 2629 συστὰὸις.
1405 2611 1443 2618 -
1503 2587 1647 2629 ὖστᾶς,

204 2651 223 2695 ἢ
251 2654 368 2684 δασεῖα
403 2649 565 2690 ἄμπελος.
608 2671 647 2677 -
711 2649 866 2687 ι’·στάς,
909 2649 1064 2687 πλαστιὶς
1099 2648 1259 2689 ἀμπέλων
1291 2650 1377 2689 (leg.
1407 2645 1541 2684 παστοῖς
1569 2655 1648 2680 cum

205 2710 343 2749 l‘¹·¹'2‘-'·)-

251 2770 281 2804 Ι)
333 2767 386 2800 ΕΙ.
417 2767 464 2799 Μ,
493 2769 580 2806 391,
613 2768 660 2799 15.
706 2764 800 2797 Histoe
836 2767 888 2796 mi
930 2765 1044 2801 Ῑεί“”σιυ;
1080 2764 1097 2796 ι’)
1123 2765 1282 2801 Διόνυσος
1315 2765 1370 2797 καὶ
1400 2762 1437 2796 τί)
1475 2762 1518 2798 εἷς
1545 2758 1648 2793 Μ’·ῗὸν
