1779 3079
523 224 566 284 ᾗ.
611 225 683 274 16.
753 223 828 271 De
864 232 895 270 ἅ
928 240 1016 286 pro
1051 244 1082 272 ε.
1436 223 1530 272 115

76 358 193 401 Flor.
240 360 288 412 1,
318 360 387 403 75.
418 360 488 403 76.
520 361 589 402 77.
621 360 701 412 79,
758 358 924 414 Theag.
967 357 1070 400 ibid.
1112 358 1156 412 Ι,
1187 358 1264 411 69,
1317 357 1529 416 Ecphant.

9 435 11 439 '
78 426 183 468 ibid.
216 427 440 481 XLVIII,
471 428 525 469 64
563 435 645 468 etc.
668 425 720 478 3).
796 425 1010 477 Accedit,
1061 425 1176 481 quod
1215 426 1341 467 etiam
1381 425 1532 468 Lesbii

78 493 223 549 ἅτερος
253 495 411 536 dixisse
440 494 662 546 videntur,
697 492 780 534 vid.
814 493 910 534 L.I
942 492 1097 545 ξ.12,
1138 493 1177 545 l,
1209 500 1251 533 et
1281 492 1397 550 quod
1426 492 1531 534 anti-

81 577 211 619 quum
246 581 270 603 α
301 571 342 604 et
371 561 503 603 erasis
543 560 708 602 ratione
747 560 792 601 in
835 560 1007 614 ἅτερος,
1051 558 1223 614 θάτεροι
1264 560 1376 616 apud
1413 559 1532 618 ipsos

79 628 251 671 Atticos
289 629 484 687 proditur
522 635 564 670 et
605 628 651 669 in
697 628 845 680 ἄτερθε
888 628 962 679 (cs.
997 626 1190 679 ἑκάτερθε
1220 626 1271 667 ab
1302 626 1532 682 ἑκάτερος),

81 694 176 749 ἄτερ
195 728 204 742 ,
238 693 340 747 ἀτάρ
372 696 446 746 (cf.
482 695 581 736 ἀλλά
611 695 663 737 ab
695 696 858 748 ἄλλος),
890 710 999 751 quae
1030 694 1083 736 ad
1111 710 1203 735 eam
1233 693 1408 751 stirpem
1439 710 1534 751 per·

81 761 217 803 tinere.
247 768 387 819 patet,
432 770 644 805 servatum
675 771 752 805 est.
814 763 962 819 Itaque
992 777 1079 803 non
1110 760 1299 803 dubitavi
1329 760 1533 818 Epichar-

81 844 151 869 mo
190 828 244 869 ΓΡ.
276 829 332 871 94
369 831 548 872 formam
588 831 799 887 genuinae
827 829 983 871 Doridi
1012 829 1228 887 propriam
1271 828 1414 881 ἅτερος
1442 828 1534 870 vin-

81 894 238 937 dicare.

195 963 375 1016 ἀψίαι,
411 967 568 1018 ἑορταί·
602 964 800 1013 Λάκωνες
831 966 1021 1022 Hesych.
1053 980 1132 1022 pro
1163 965 1291 1018 iapr'acr.

192 1048 251 1083 γα
290 1032 499 1088 particula
539 1048 618 1091 pro
658 1049 727 1086 γε,
781 1034 832 1074 de
872 1049 955 1090 qua
994 1032 1080 1074 vid.
1124 1032 1192 1073 Et.
1225 1030 1286 1072 Μ.
1333 1031 1438 1085 732,
1481 1030 1535 1074 30

83 1113 236 1155 seqq.‚
276 1100 390 1141 haud
419 1117 515 1142 raro
546 1101 589 1141 in
620 1100 743 1142 libris
774 1107 937 1141 servata
969 1106 1059 1153 est,
1097 1107 1145 1140 ut
1174 1099 1326 1156 Epieh.
1360 1098 1429 1141 18.
1460 1098 1533 1152 58,

83 1164 240 1222 Sophr.
277 1167 342 1208 51.
377 1168 459 1216 54,
506 1168 690 1225 Lysistr.
728 1168 819 1210 105.
855 1168 950 1210 170.
982 1168 1064 1210 988
1096 1174 1207 1217 ete.‚
1255 1182 1382 1224 saepe
1421 1166 1535 1224 apud

80 1231 385 1287 Theocritum,
432 1236 544 1276 unde
584 1236 628 1276 in
668 1236 875 1292 reliquis,
921 1250 1028 1292 quae
1058 1250 1156 1275 vere
1187 1233 1349 1275 Dorica
1378 1233 1535 1275 habere

81 1299 207 1354 licet,
250 1309 320 1341 aut
349 1309 462 1343 recte
494 1303 687 1344 restituta
720 1311 791 1344 aut
821 1302 1082 1344 restituenda
1112 1309 1191 1342 est.
1260 1301 1361 1343 'Non
1390 1300 1534 1343 minus

83 1385 133 1421 γα
162 1384 241 1426 pro
271 1385 314 1422 γε
345 1370 673 1426 pronominibus
703 1370 873 1411 additur
901 1376 948 1410 ut
978 1368 1127 1423 ἐγώνγα
1158 1368 1244 1410 vid.
1279 1370 1319 1422 ξ.
1341 1368 1411 1421 32,
1432 1368 1471 1409 1.
1490 1368 1531 1410 3.

195 1436 350 1490 ἰαρός
393 1453 470 1494 pro
514 1438 625 1491 ἱερός
676 1445 741 1478 est
783 1438 827 1478 in
871 1437 1111 1494 antiquiore
1150 1436 1276 1478 titulo
1319 1434 1533 1477 Laconico

81 1517 144 1544 nr.
165 1504 232 1557 13,
254 1505 444 1558 Hel-ach,
472 1505 594 1546 Core.
615 1505 739 1558 1909,
759 1505 920 1562 Amph.
943 1505 1075 1554 16883,
1106 1503 1149 1545 τὸ
1172 1503 1304 1556 ιάρόν,
1328 1502 1532 1556 ι’άρωσαν,

85 1570 350 1622 ἱαρομνάμων
406 1573 567 1630 Amph.
614 1573 758 1626 16883
817 1571 958 1627 ἱαρεύς
1000 1572 1103 1613 Lac.
1145 1572 1201 1614 34
1244 1571 1299 1614 R.
1369 1570 1530 1627 Cyren.

87 1637 125 1678 1.
159 1639 200 1679 4.
236 1639 290 1692 7,
333 1640 452 1693 ἱαρεά
489 1655 566 1696 pro
606 1641 734 1693 ἱέρεια
777 1639 936 1695 Cyren.
969 1640 1022 1692 2,
1066 1636 1254 1690 ἷαριτὲὗω
1294 1637 1362 1678 vel
1403 1641 1533 1692 ἱαρει-

83 1704 183 1744 τεύω
217 1706 374 1763 Cyren.
411 1708 449 1748 1.
484 1708 536 1748 12
573 1714 741 1764 praeter
777 1706 995 1747 breviores
1035 1705 1293 1758 nonnullos,
1335 1704 1535 1758 ἀνιαρίζει

83 1771 253 1826 Brute,
301 1773 415 1814 N.P.
464 1773 616 1827 Ἴάρων
666 1773 710 1814 in
761 1774 937 1831 antiquo
982 1774 1179 1814 Theraeo
1227 1788 1294 1813 nr.
1329 1773 1383 1814 12
1428 1773 1529 1813 Aet.

82 1839 167 1880 Ac.
208 1839 383 1894 Berol.‚
444 1841 489 1882 in
531 1841 650 1898 galea
688 1841 893 1882 Hieronis
937 1840 988 1881 C.
1028 1841 1064 1882 I.
1110 1857 1176 1881 nr.
1212 1839 1264 1881 16
1308 1846 1349 1881 et
1386 1839 1431 1880 in
1471 1839 1532 1880 di-

83 1906 283 1948 drachmo
322 1908 523 1949 Crotonis
552 1908 637 1949 vid.
668 1907 783 1949 Mus.
816 1908 957 1949 Rhen.
990 1908 1052 1949 lv
1093 1925 1136 1966 p.
1169 1908 1239 1950 93.
1308 1907 1534 1948 Postremo

86 1974 351 2017 advocandae
391 1984 492 2017 sunt
536 1976 704 2033 glossae
744 1976 1040 2033 Hesychianae
1083 1976 1317 2030 ἱαρεῗον,
1372 1973 1535 2031 πρόβα-

84 2059 177 2092 τον,
223 2047 338 2096 βοῦς.
382 2071 435 2078 —-
494 2045 840 2099 ἱαροχρείαν,
888 2042 960 2093 τὴν
1007 2043 1139 2096 ὁσᾳῦν
1177 2042 1327 2084 Ἰταλοί
1369 2049 1411 2085 et
1448 2046 1534 2083 ἱα-

87 2109 280 2163 ρόχρης·
311 2111 443 2161 (Mus.
478 2111 718 2167 ιάρόχρους)
740 2141 751 2163 ,
794 2111 1011 2165 καθαρός,
1054 2110 1234 2162 θύσιμος
1276 2108 1356 2164 (ef.
1389 2114 1534 2163 μελαγ-

87 2175 191 2230 χρής
231 2184 273 2218 et
303 2177 433 2233 ἁχρής
471 2195 548 2237 pro
586 2179 854 2233 μελαγχροιής
891 2187 932 2220 et
971 2177 1144 2234 ἀχροιής
1182 2177 1374 2219 Lobeek.
1406 2176 1530 2217 Parr.

87 2260 130 2300 p.
163 2243 286 2295 256).
335 2269 386 2274 ——
452 2246 688 2299 ἱάρωμα,
750 2246 977 2299 κοσμάριον
1026 2244 1230 2286 παιδικόν.
1317 2243 1532 2300 Volgares

87 2311 248 2352 formae
269 2311 378 2366 ἱερός
398 2320 477 2354 etc.
510 2314 713 2370 leguntur
734 2314 1047 2371 antiquioribus
1068 2313 1277 2354 admixtae
1302 2311 1347 2353 in
1365 2311 1528 2367 Amph.

90 2377 225 2431 1688,
286 2379 359 2419 uhi
402 2396 487 2421 non
528 2381 674 2422 dubito
712 2381 816 2438 quin
858 2382 1064 2439 lapicidae
1093 2380 1240 2421 Attico
1280 2379 1530 2429 debeantur,

87 2445 201 2486 solae
232 2446 275 2486 in
305 2446 438 2487 titulis
467 2448 611 2504 paullo
641 2448 950 2489 recentioribus
984 2448 1110 2489 Coi-c.
1129 2480 1141 2501 ,
1172 2446 1342 2499 Rl10‹l.‚
1373 2443 1527 2500 Agrig.

89 2519 168 2553 ete.
218 2513 428 2569 Cyrenaei
458 2515 636 2572 reliquis
668 2515 828 2557 diutius
858 2517 1079 2574 antiquum
1106 2534 1129 2555 α
1149 2520 1386 2564 servarunt,
1418 2510 1532 2568 quod

134 2721 170 2761 3)
217 2721 477 2766 Corruptiores
522 2727 601 2753 sunt
649 2721 826 2764 Hesychii
868 2721 1014 2765 glossae
1053 2723 1121 2755 huc
1158 2728 1365 2766 spectantes
1405 2719 1531 2768 ἅτεροι,

91 2775 214 2821 ἕτεροι,
240 2779 406 2824 ἑτέρωθεν
431 2786 463 2813 et
490 2775 666 2822 ἁτε-ροῖον,
693 2777 858 2824 ἑτέρωθξν
882 2781 940 2813 καὶ
964 2780 1075 2820 χωρίς.

1222 2856 1272 2895 S.
