1779 3079
196 209 291 257 164
743 210 816 255 De
849 208 1109 255 vocalibus.

200 349 347 390 Herm.
409 347 638 388 Praeterea
668 346 920 388 Boeoticum
950 349 1074 388 πλιόιν
1117 346 1167 388 C.
1202 347 1238 388 l.
1283 363 1348 388 nr.
1384 346 1508 401 1569,
1530 363 1553 389 a
1596 355 1656 390 te·

200 423 365 468 statur,
421 415 548 456 etiam
592 415 846 456 severiorem
889 415 1099 456 Doridem
1139 417 1284 455 πλείων
1323 431 1409 457 non
1449 422 1654 457 mutasse.

203 483 322 537 Quid
354 483 471 540 quod
512 483 657 525 eadem
695 483 833 532 πλήων
872 491 913 523 et
952 481 1066 535 μήων
1107 499 1129 524 a
1161 483 1387 525 Prisciano
1420 485 1470 530 ¹⁶)
1514 483 1659 525 Attica

201 551 268 592 vel
300 550 447 592 Ionica
477 568 574 593 esse
606 552 889 593 referuntur'P

313 635 465 693 Neque
496 636 638 677 minor
668 636 878 677 dubitatio
911 636 964 677 de
994 636 1175 693 reliquis
1208 643 1272 676 est
1296 651 1423 692 quam
1445 635 1497 676 de
1521 634 1661 685 πλήοιν

202 714 245 746 et
274 704 402 756 μήων.
465 704 621 745 Omnia
653 705 746 760 ejus
779 704 953 761 generis
993 712 1116 753 sunt,
1167 720 1276 761 quae
1320 704 1509 745 vocalem
1551 711 1569 741 ἴ
1607 703 1660 744 ab

202 772 372 830 origiue
399 772 644 829 postulent,
678 780 723 813 ut
754 773 887 826 ὄρειος·
921 788 972 813 cx
998 772 1135 823 ὀρέϊος
1156 780 1301 813 natum
1326 779 1417 820 est,
1452 771 1661 812 feminina

201 840 545 883 terminationem
579 857 644 888 ια,
694 839 970 896 comparativi
1002 857 1075 879 ιων
1107 840 1322 896 propriam
1353 840 1540 892 habent,
1588 855 1660 880 ne-

203 924 286 967 que
312 908 406 949 'ulla
437 908 618 948 certiore
650 908 815 950 ratione
847 907 1007 948 vocalis
1034 926 1057 956 η
1090 907 1135 948 in
1167 907 1256 948 illis
1288 915 1539 957 excusatur,
1572 907 1660 947 nisi

203 976 501 1018 Alcmanicum
552 974 808 1028 ΙΙασιχάρηα
847 974 903 1015 ita
945 975 1178 1016 defendere
1223 974 1361 1027 velis,
1410 982 1455 1015 ut
1500 974 1662 1016 rectius

203 1045 289 1086 iota
335 1042 550 1084 subscribi
597 1042 833 1083 contendas
876 1043 1003 1084 sicuti
1050 1043 1093 1083 in
1135 1042 1350 1083 Lesbiaco
1389 1042 1663 1096 Κυπρογένῃα

204 1113 291 1154 vid.
326 1112 380 1152 L.
413 1111 432 1151 l
473 1111 626 1163 Q.14,
659 1111 698 1152 3.
762 1110 934 1151 Deinde
965 1110 1071 1151 nihil
1103 1111 1197 1166 ejus
1230 1110 1401 1168 generis
1433 1111 1477 1151 in
1510 1109 1666 1151 melio-

204 1181 325 1222 ribus
357 1178 553 1220 sontibus
586 1179 825 1236 reperitur3
873 1194 969 1218 nam
1001 1177 1112 1219 nihil
1143 1178 1410 1219 auctoritatis
1443 1186 1507 1221 est
1538 1178 1581 1219 in
1612 1176 1656 1218 liv

205 1249 296 1290 bris
329 1247 529 1304 scriptis7
576 1262 709 1304 quum
742 1262 777 1286 ει
808 1253 849 1288 et
882 1265 903 1297 η
937 1246 1193 1303 saepissime
1223 1253 1524 1303 permutentur
1565 1254 1664 1297 (na-

203 1320 285 1371 χῆα
326 1314 482 1372 Epieli.
517 1314 571 1356 8⁶2
618 1314 742 1355 etiam
783 1314 883 1355 aliis
937 1314 988 1356 de
1032 1315 1174 1355 causis
1221 1321 1470 1371 corruptum
1515 1312 1664 1355 haberi

205 1383 407 1442 oportet).
484 1382 781 1439 Reperiuntur
819 1381 978 1423 similia
1020 1382 1062 1422 in
1105 1382 1245 1424 titulis
1284 1382 1455 1423 infimae
1494 1381 1662 1435 aetatis,

204 1453 250 1494 in
282 1453 405 1494 nullo
437 1450 577 1506 magis
608 1466 735 1507 quam
775 1449 818 1490 in
849 1449 1059 1506 Byzantio
1099 1467 1166 1491 nr.
1198 1450 1336 1503 2060,
1384 1449 1460 1507 qui
1491 1456 1555 1490 est
1587 1448 1665 1490 Ti-

208 1520 318 1562 berii
359 1520 427 1561 vel
467 1517 694 1575 Caligulae
731 1525 868 1558 aetate
910 1518 1111 1575 scriptus.
1187 1518 1253 1559 Ibi
1292 1518 1425 1559 habes
1465 1516 1662 1566 πλήονας,

204 1588 362 1644 χρήας,
397 1585 641 1634 ἐπιτάὸῃως,
677 1584 946 1636 ἀσαμήωτος,
980 1602 1089 1644 quae
1121 1593 1221 1627 sunt
1248 1586 1389 1628 omnia
1421 1602 1442 1627 a
1475 1585 1665 1643 genuina

206 1656 371 1698 Doride
403 1655 543 1695 aliena
577 1670 661 1695 non
694 1653 837 1694 minus
885 1670 1012 1710 quam
1044 1655 1295 1704 ἕπαιιιῆσθαι
1325 1671 1348 1695 a
1379 1654 1548 1695 mitiore
1577 1652 1664 1710 By-

206 1724 442 1766 zantiorum
467 1720 646 1763 Doride.
711 1722 861 1763 Dicam
894 1722 1029 1779 igitur
1058 1721 1173 1784 quod
1205 1721 1358 1763 sentio.
1421 1721 1519 1762 Nisi
1540 1722 1664 1763 vehe-

208 1800 372 1834 menter
404 1791 551 1837 sallor,
585 1790 846 1830 recentiores
881 1789 1146 1845 grammatici
1178 1797 1219 1830 et
1249 1791 1369 1847 ipse,
1400 1796 1445 1830 ut
1474 1788 1661 1842 videtur,

206 1858 479 1900 Herodianus
509 1857 832 1899 recentissimae
864 1856 1044 1897 Doridis
1075 1873 1234 1898 morem
1269 1863 1540 1914 spectarunt,
1586 1856 1662 1913 qui

205 1927 258 1967 ab
282 1926 494 1966 Alcmana
524 1932 565 1965 et
595 1927 770 1965 omnino
801 1924 854 1965 ab
886 1924 1060 1981 antiqua
1090 1932 1130 1965 et
1161 1924 1350 1982 genuina
1373 1923 1537 1966 Doride
1561 1925 1663 1966 alie·

204 1993 412 2035 nissimus
444 1999 523 2032 est.

317 2077 496 2119 Rectius
541 2077 593 2117 ad
637 2078 745 2118 hauc
786 2077 1007 2118 reserenda
1050 2093 1145 2118 esse
1188 2077 1387 2118 videntur
1426 2081 1485 2128 πῆ
1513 2086 1553 2120 et
1580 2079 1663 2121 alia

204 2147 299 2202 ejus
332 2145 505 2203 generis
538 2144 738 2185 adverbia
780 2145 864 2186 loci
897 2146 940 2185 in
983 2145 1197 2186 severiore
1228 2145 1416 2195 Doride,
1465 2163 1542 2204 pro
1580 2149 1659 2195 πεῖ,

205 2214 321 2272 quod
352 2221 417 2255 est
450 2213 491 2252 in
528 2213 725 2263 mitiore,
767 2213 853 2254 vid.
898 2215 937 2262 Q.
970 2214 1050 2265 44,
1084 2214 1134 2266 ‘23
1181 2213 1337 2254 deinde
1374 2213 1661 2256 Tarentinum

207 2282 272 2331 αιίἱ
307 2298 382 2339 pro
416 2282 514 2328 αἰεί,
567 2280 653 2320 vid.
688 2284 725 2333 Q.
762 2281 829 2330 45,
866 2282 917 2326 'l:,
971 2290 1187 2337 postremo
1221 2278 1301 2334 οἷς,
1350 2281 1506 2331 ὤατος,
1551 2298 1660 2339 quae

205 2350 305 2391 item
351 2347 577 2390 severioris
616 2347 795 2389 Doridis
842 2365 936 2390 esse
987 2348 1185 2398 videntur
1227 2366 1303 2406 pro
1347 2345 1443 2398 οὖς,
1493 2349 1657 2398 οὔατος,

205 2417 291 2459 vid.
328 2418 364 2469 Q.
398 2417 466 2458 31.
557 2414 730 2456 Certum
772 2423 836 2458 est
878 2416 919 2457 in
964 2417 1031 2457 bis
1063 2417 1114 2457 dc
1146 2417 1428 2475 productione
1461 2418 1527 2459 vel
1558 2433 1658 2459 con-

254 2623 307 2660 16)
357 2621 539 2654 Priscian.
571 2621 654 2654 vol.
683 2621 698 2654 1
735 2632 766 2664 p.
794 2622 836 2655 57
865 2619 917 2653 Κι·
943 2634 950 2654 :
991 2621 1109 2661 „hauc
1146 2632 1232 2654 vero
1261 2622 1493 2655 mutationem
1531 2623 1572 2657 ei
1600 2624 1657 2658 di-

205 2679 383 2723 phthongi
425 2679 459 2711 in
505 2692 523 2712 e
561 2679 706 2719 longum
742 2678 875 2710 faciunt
913 2689 1011 2710 mora·
1045 2678 1171 2711 lonico
1202 2688 1234 2712 υ(
1268 2679 1399 2712 Attico.
1465 2679 1526 2713 Illi
1561 2682 1655 2715 enim

203 2735 285 2782 ῂὸῆν
324 2748 390 2780 pro
431 2735 526 2769 ‘idda'
564 2737 691 2770 dicum
727 2735 824 2782 (ᾔδην
864 2746 929 2778 pro
962 2737 1065 2781 ᾕδιινι
1099 2745 1130 2769 (¹1
1169 2739 1253 2783 μῇον
1281 2747 1346 2779 pro
1372 2740 1463 2775 μεῖον
1488 2745 1521 2771 et
1548 2740 1656 2785 πλῇον

203 2804 269 2838 pro
295 2795 445 2826 πλόων.Η
