1779 3079
522 209 561 269 §.
604 211 677 259 16.
749 210 821 256 De
857 218 886 255 ἅ
922 227 1007 272 pro
1042 230 1073 257 ε.
1430 210 1525 257 117

86 345 253 388 videtur
295 361 371 403 pro
409 345 587 401 σκιερός.
662 344 779 386 Idem
809 344 1041 385 Theocrito
1070 345 1184 398 VII,
1220 347 1297 389 138
1336 363 1357 388 e
1390 346 1526 388 tribus

87 413 306 455 codicibus
335 413 459 454 honis
489 412 749 454 reddendum
779 418 857 452 est.

197 481 367 533 τάμνω
411 480 565 522 Doridi
606 479 808 520 tribuitur
829 480 892 531 5),
936 493 1177 536 quanquam
1218 497 1270 521 ne
1314 482 1365 523 ab
1407 483 1527 540 epiea

86 548 258 606 quidem
289 555 330 590 et
359 548 503 589 Ionica
532 546 710 587 dialecto
740 545 923 587 alienum
953 553 1045 601 est3
1076 546 1234 603 legitur
1254 548 1529 601 ‹imnoipmjmo

86 616 202 658 Cret.
235 615 371 668 2554,
404 615 482 667 16,
528 614 730 665 διατιὶμινω
763 613 808 654 in
840 612 995 654 tabulis
1026 614 1414 669 Heracleensibus,
1458 617 1526 657 τά·

84 700 253 736 μνοισαι
293 682 407 739 apud
449 682 681 722 Pindarum
729 681 800 722 Ol.
844 681 960 734 ΧΠ,
1001 681 1056 735 (i,
1119 682 1191 723 ubi
1239 682 1341 725 alias
1388 686 1525 735 ιε’μινω.

85 751 286 792 Aoristus
318 749 486 802 ἔταμον,
533 766 616 806 quo
648 749 771 790 etiam
803 748 1019 806 antiquior
1047 749 1194 790 Atthis
1226 750 1424 792 utebatur
1453 768 1528 808 pro

84 818 246 870 ἔτεμον,
295 833 381 858 non
426 817 567 857 minus
599 817 878 858 Doriensium
916 823 1004 857 erat
1040 832 1180 874 neque
1221 817 1344 859 aliter
1381 826 1445 860 est
1486 819 1529 860 in

81 885 237 927 tabulis
267 884 656 937 Heracleensibus‚
689 884 800 941 apud
831 883 1062 925 Pindarum
1096 891 1137 925 et
1165 884 1458 926 Theocritum.

192 953 370 1009 τράπω
410 969 487 1009 pro
527 954 658 1004 τρέπω
696 959 736 992 et
775 968 796 992 a
836 952 1120 1008 grammaticis
1149 952 1305 993 Doridi
1344 953 1529 995 vindica-

83 1029 151 1062 tur
174 1023 206 1073 ¹)
250 1026 293 1061 et
336 1020 495 1076 legitur
535 1020 649 1061 Cret.
693 1018 801 1060 2555
847 1021 1074 1072 ἑῑτιτραψῶ.
1154 1020 1203 1060 In
1248 1020 1529 1078 scriptoribus

80 1105 299 1146 nunquam
331 1088 568 1144 reperitur,
616 1086 719 1143 quin
751 1086 875 1127 liceat
905 1088 1107 1128 aoristum
1139 1102 1386 1143 agnoscere.
1450 1088 1528 1130 Ce-

82 1165 218 1198 terum
246 1171 333 1196 non
364 1155 505 1195 minus
539 1153 756 1197 Herodoto
787 1154 994 1196 familiare
1026 1161 1104 1196 est.

192 1222 370 1278 τράφω
402 1238 478 1279 pro
510 1222 644 1273 τρέφω
681 1221 837 1277 legitur
866 1222 1055 1263 Aeharn.
1077 1222 1158 1264 754
1187 1221 1364 1275 τράφεν,
1399 1223 1524 1264 Pind.

44 1296 51 1301 ⁴
79 1292 131 1334 P.
166 1291 237 1345 ῘῙ,
267 1291 322 1331 44
360 1290 595 1342 τράᾳοισα,
657 1288 736 1341 IV,
772 1288 848 1329 115
889 1289 1041 1341 τράᾳεν
1083 1288 1183 1330 item
1231 1305 1308 1347 pro
1352 1292 1525 1343 τράμιν,

80 1360 228 1402 lsthm.
253 1358 358 1411 Vll,
390 1358 445 1399 40
474 1356 668 1410 τράᾳειν,
700 1355 885 1396 Theoer.
914 1355 994 1408 ΙΙΙ,
1021 1357 1072 1399 16
1102 1365 1143 1399 et
1163 1357 1244 1411 IX,
1276 1358 1329 1399 23
1361 1357 1524 1409 ἔγραφε,

79 1428 262 1483 Archyt.
295 1442 339 1483 p.
365 1426 419 1468 30
441 1425 660 1466 Hartenst.
685 1423 895 1475 τράᾳεται.
957 1424 1091 1465 Recte
1118 1424 1231 1466 euim
1262 1424 1305 1465 in
1329 1425 1527 1466 omnibus

78 1495 146 1537 his
175 1493 282 1535 locis
311 1508 514 1550 praesens
543 1491 791 1548 agnoscitur
832 1498 873 1532 et
903 1499 1079 1532 accentu
1110 1508 1132 1532 e
1163 1492 1445 1550 plurimorum
1480 1493 1526 1533 li-

78 1563 252 1604 brorum
296 1560 543 1601 auctoritate
584 1558 849 1614 significatur
893 1558 976 1599 vid.
1027 1558 1188 1599 Buttm.
1238 1558 1312 1601 Gr.
1360 1559 1436 1601 Gr.
1483 1562 1525 1601 11

79 1648 122 1688 p.
157 1630 252 1672 308.
314 1628 522 1670 Doricum
561 1626 728 1667 videtur
766 1626 890 1667 etiam
930 1626 1139 1682 Hesychii
1177 1626 1399 1678 τράᾳεται,
1448 1628 1524 1675 πή-

77 1714 231 1752 γνί7ῑ”λι.

195 1762 321 1816 στρά
336 1780 407 1815 ‹pn›
451 1778 527 1819 pro
576 1763 733 1815 osy-‹270›
773 1761 975 1802 Doricam
1015 1770 1057 1802 et
1095 1761 1310 1818 antiquam
1347 1762 1525 1802 formam

78 1832 212 1875 fuisse
243 1838 284 1872 ct
313 1830 504 1886 analogia
546 1830 669 1869 docet
702 1834 940 1886 (compares
980 1830 1227 1883 τέτραμμαι,
1273 1830 1524 1882 τέθραμμαι,

79 1901 321 1953 ἔστραμμαι)
353 1904 394 1939 et
423 1897 606 1938 aoristus
638 1897 875 1949 ἕστράφθηιι
909 1896 1065 1953 Sophr.
1099 1897 1152 1939 78
1186 1911 1264 1953 pro
1295 1897 1526 1949 ἔστρέᾳθην

78 1975 121 2010 et
151 1967 425 2020 στραφθε-ἰτες
453 1964 638 2005 Theocr.
671 1963 784 2017 Vll,
816 1964 920 2017 132,
961 1980 1046 2020 quo
1076 1964 1262 2021 pertinet
1291 1963 1416 2005 etiam
1449 1963 1524 2014 α’μ-

79 2034 317 2089 φιστραφής
339 2033 448 2091 apud
470 2032 757 2088 Diotogenenl
773 2031 1298 2088 Pseudo-Pythagoricum
1317 2030 1437 2073 Stoh.
1457 2032 1522 2072 Fl.

75 2102 284 2154 XLVIII,
297 2102 364 2143 62.
384 2099 575 2157 Vulgare
596 2100 769 2153 στρείραι
784 2106 848 2140 est
861 2099 988 2140 Core.
1006 2100 1128 2153 1838,
1141 2099 1167 2140 b
1186 2105 1227 2139 et
1239 2098 1378 2139 Rhod‚
1394 2099 1520 2142 2905.

191 2169 362 2223 τράχω
403 2184 479 2225 pro
518 2169 644 2222 τρι-’χω
674 2167 884 2208 Doricum
916 2173 980 2207 est
1010 2183 1031 2207 e
1063 2166 1432 2223 grammaticorum
1464 2174 1523 2206 te-

81 2235 281 2296 stimonio
305 2237 337 2285 ¹)
369 2242 409 2276 et
439 2235 595 2291 legitur
625 2234 897 2292 participium
928 2234 1078 2288 τράχον
1099 2234 1228 2275 Pind.
1254 2234 1366 2290 Pyxh
1396 2233 1522 2286 Vlll,

81 2307 159 2359 34,
201 2303 369 2356 {malou
398 2302 583 2341 Theocr.
616 2302 685 2353 Π,
720 2303 816 2354 147,
857 2302 912 2342 ef.
946 2302 1136 2358 Hesyeh.
1170 2300 1312 2355 τράχε,
1346 2300 1523 2351 πορεύου

80 2397 133 2404 -
164 2373 401 2423 θραξεὶται,
444 2369 683 2420 nonanoeane.
716 2393 753 2398 —
793 2369 1045 2422 θρακτικόιι,
1088 2369 1297 2419 noyevzo'v.
1362 2368 1522 2420 Quare,

80 2439 306 2481 accedente
336 2443 551 2493 praeterea
583 2435 786 2477 similium
816 2436 1042 2478 verborum
1071 2436 1290 2492 analogia,
1323 2434 1524 2490 Epichar-

81 2523 150 2548 mo
180 2507 232 2546 fr.
265 2505 320 2547 20
352 2503 508 2557 τράχωιι
539 2519 615 2560 pro
646 2504 795 2557 τρέχων
825 2504 1085 2544 reddendum
1127 2502 1340 2542 duximus.
1420 2501 1524 2541 Vul-

82 2573 195 2631 garis
232 2573 367 2614 forma
410 2571 691 2625 cinomae'jgovooe
730 2580 795 2612 est
832 2570 875 2612 in
916 2570 1225 2612 recentioribus
1256 2568 1391 2609 titulis
1422 2569 1524 2610 Del-

131 2713 163 2748 5)
214 2711 305 2744 Ann.
333 2712 429 2743 oxx.
460 2708 496 2751 1,
521 2710 587 2750 83,
612 2709 656 2743 22
691 2726 719 2730 —
771 2708 829 2742 Et.
854 2708 905 2742 M.
935 2708 1017 2748 ιω,
1045 2706 1085 2740 19
1124 2723 1152 2726 —
1196 2703 1283 2745 745,
1307 2705 1351 2738 28
1388 2725 1422 2731 -
1464 2705 1520 2738 Et.

87 2769 118 2802 G
157 2769 243 2810 521,
272 2770 325 2803 36.
