1779 3079
222 209 321 259 238
725 214 799 260 De
834 211 1165 262 declinatione.

226 350 407 403 Πριηνῖς
446 348 574 391 Corc.
607 350 734 402 1842)
778 359 820 392 et
857 351 1007 394 ultima
1048 359 1242 410 correpta
1283 352 1398 406 ἱαρές
1443 353 1602 411 Cyren.
1636 356 1677 409 1,

224 417 310 458 vid.
343 417 385 470 ξ.
417 418 496 471 21,
527 417 568 459 3.

335 486 379 532 8)
439 486 764 528 Femininorum
807 486 853 527 in
885 504 916 527 ω
946 495 989 529 et
1019 505 1074 536 ως
1105 487 1397 546 genitivus
1435 488 1480 531 in
1510 489 1678 532 mitiore

224 553 388 595 Doride
418 555 641 613 vulgarem
671 554 1017 597 terminationem
1049 572 1120 604 ους·
1139 556 1292 611 habet,
1324 564 1371 598 ut
1396 556 1497 606 ἀοῦς
1518 558 1677 616 Epieh.

223 623 278 664 82
307 622 358 663 ab
390 622 500 676 ἠώς,
531 626 750 678 Συρακοῦς
779 622 935 681 Epich.
964 623 1070 674 166,
1103 628 1258 673 Κλεοῦς
1287 624 1449 683 Delph.
1484 626 1610 679 1705,
1637 642 1678 681 a,

221 689 448 745 ’Λριστοῦς
481 691 614 745 1705,
646 692 701 745 b,
747 704 888 749 neque
919 692 1043 735 aliter
1072 692 1318 745 Pindarus,
1358 693 1447 735 vid.
1486 694 1677 736 Boeckh.

219 758 340 802 Nott.
375 758 501 801 Critt.
533 760 586 801 ad
617 761 747 817 Pyth.
781 760 863 813 IV,
896 760 992 803 103.
1056 760 1256 803 Severior
1284 761 1418 803 Doris
1452 779 1506 809 ως
1538 762 1678 819 profe-

218 827 366 881 rebat,
399 835 446 869 ut
477 831 690 882 Σαπφῶς,
723 828 812 871 vid.
845 827 885 881 ξ.
918 828 990 881 25,
1019 828 1070 881 3,
1103 837 1145 870 et
1173 829 1236 871 sic
1264 828 1406 884 ’Λχῶς
1436 829 1606 872 Mosch.
1633 830 1674 872 6.

219 894 373 952 Neque
404 903 545 937 tamen
577 904 741 938 certum
772 902 863 949 est,
894 912 997 938 num
1028 894 1082 937 ad
1112 897 1331 954 antiquam
1352 897 1583 940 dialectum
1612 914 1676 940 re·

218 963 396 1005 ferenda
436 964 548 1018 sint,
596 980 706 1022 quae
746 964 843 1020 ejus
886 964 1060 1021 generis
1098 965 1144 1006 in
1184 965 1499 1007 recentissimis
1537 965 1678 1006 titulis

220 1031 453 1073 Laconicis
484 1031 763 1089 reperiuntur
793 1033 932 1080 Ξεναῖς
962 1031 1097 1083 1365,
1137 1031 1368 1091 ’Λᾳροὸῷς
1399 1032 1522 1076 1386.
1593 1032 1677 1075 Ea-

219 1099 315 1141 dem
358 1102 473 1141 enim
515 1099 760 1142 terminatio
797 1099 1065 1158 conspicitur
1107 1100 1150 1142 in
1190 1101 1504 1144 recentissimis
1536 1100 1677 1143 titulis

218 1183 367 1209 eorum
398 1168 685 1227 populorum,
732 1168 809 1226 qui
839 1169 1011 1212 mitiore
1041 1169 1208 1212 Doride
1240 1170 1308 1212 usi
1341 1176 1469 1223 sunt,
1510 1177 1556 1211 ut
1584 1175 1677 1211 Λα-

216 1239 303 1289 μῶς·
342 1236 478 1279 Phoc.
521 1237 573 1279 81
617 1236 702 1290 R.,
761 1241 988 1286 Νεικασῶς
1031 1237 1194 1296 Delph.
1243 1238 1376 1292 1710,
1436 1240 1677 1285 Καλλιστῶς

214 1304 346 1346 Locr.
394 1305 529 1358 1763,
577 1304 793 1354 Ἀκευσῶς
830 1306 1005 1363 Anaph.
1046 1308 1185 1357 2481,
1234 1307 1319 1348 vid.
1367 1307 1468 1348 infr.
1513 1332 1567 1337 —-
1624 1305 1676 1347 In

215 1373 388 1414 decreto
418 1373 792 1431 Amphictyonum
823 1391 889 1416 nr.
927 1374 1062 1428 1688,
1094 1376 1120 1418 8
1149 1375 1313 1433 legitur
1342 1374 1510 1424 Λατός,
1558 1373 1676 1432 quod

214 1449 330 1484 recte
363 1441 557 1484 ultimam
588 1442 805 1499 corripere
838 1443 1034 1497 videtur,
1067 1443 1154 1485 vid.
1183 1443 1224 1497 ξ.
1249 1444 1320 1497 21,
1347 1443 1387 1485 3.
1450 1443 1676 1484 Postremo

216 1508 544 1552 Choeroboscus
593 1510 637 1551 iu
680 1511 738 1551 H.
782 1511 870 1552 Ad.
906 1513 937 1553 f.
973 1512 1082 1566 268,
1114 1512 1142 1553 b
1180 1518 1387 1559 testatur,
1437 1509 1677 1553 nonnullos

214 1577 498 1620 Doriensium
543 1579 749 1632 Σαπφόος
788 1580 1008 1637 proferre,
1054 1595 1240 1639 quocum
1278 1580 1474 1621 conferas
1514 1577 1675 1619 Pinda-

209 1646 350 1687 ricum
383 1646 515 1694 ’Λόος
545 1647 671 1689 Nem.
705 1648 793 1697 Vl,
829 1648 907 1701 54,
958 1648 1074 1706 quod
1121 1656 1234 1690 reete
1265 1647 1389 1689 metri
1417 1648 1460 1688 iu
1493 1647 1674 1704 gratiam

207 1730 287 1772 pro
318 1714 450 1763 Ἀοῦς
480 1715 727 1757 restitutum
758 1724 837 1758 est.

326 1784 596 1833 Dativus,
647 1792 693 1826 nt
723 1785 882 1842 vulg-o,
925 1785 1013 1827 nisi
1045 1785 1161 1845 quod
1192 1787 1319 1837 Λατῴ
1351 1800 1373 1825 a
1403 1781 1557 1830 Λατώ,
1599 1795 1673 1838 op·
1730 1841 1734 1844 .

211 1852 302 1908 pidi
334 1853 537 1905 nomine,
571 1853 734 1909 legitur
762 1853 808 1894 in
841 1853 958 1895 Cret.
991 1853 1118 1896 2554.

324 1920 709 1962 Accusativus
741 1921 872 1977 vulgo
905 1921 1013 1963 nihil
1045 1921 1261 1977 discrepat
1290 1935 1387 1960 cum
1407 1916 1554 1958 Attica
1583 1916 1671 1957 dia·

212 1987 341 2028 lecto.
422 1987 496 2028 Sic
538 1989 664 2029 etiam
696 1988 824 2028 Λατώ
868 1989 910 2029 ἰιι
945 1988 1060 2031 Cret.
1094 1988 1233 2041 2555,
1294 1986 1369 2027 sed
1400 1983 1582 2034 Λατών,
1630 1992 1673 2026 et

211 2054 315 2096 deae
346 2063 387 2096 et
417 2055 566 2112 oppidi
600 2072 784 2105 nomen,
824 2057 982 2112 legitur
1013 2055 1129 2097 Cret.
1163 2055 1301 2107 2554,
1343 2053 1501 2105 Λειμών
1531 2053 1668 2094 Phoc.

209 2124 262 2166 81
296 2122 352 2164 R.
417 2123 568 2181 ltaque
609 2124 772 2165 recenti
806 2131 996 2181 tempore
1030 2123 1268 2165 invaluisse
1297 2123 1490 2175 videtur,
1533 2128 1580 2162 ut
1610 2120 1670 2161 fe-

209 2192 373 2234 minina
406 2190 449 2232 in
484 2209 514 2231 ω
547 2192 744 2233 exeuntia
777 2192 1012 2233 seeundum
1045 2192 1206 2249 primae
1239 2188 1540 2231 declinationis
1572 2203 1668 2230 aua·

210 2260 370 2317 logiam
403 2260 702 2301 flecterentur:
755 2259 944 2312 Σαπᾳώ,
985 2263 1199 2311 Alanoi-39,
1245 2261 1433 2310 Σαπᾳῷ,
1483 2254 1669 2308 Σαπφών

210 2328 323 2370 Sicut
353 2327 475 2381 τιμή,
528 2331 672 2381 τιμῆς,
721 2331 840 2384 τιμῇ,
888 2328 1027 2379 τιμήν,
1075 2344 1200 2385 qmun
1234 2325 1565 2367 declinationem
1597 2338 1668 2365 vo-

209 2414 304 2440 cum
344 2399 389 2439 iu
431 2415 460 2437 ω
501 2397 702 2438 nonnulli
751 2395 1016 2452 grammatici
1059 2394 1404 2452 antiquissimam
1446 2391 1665 2449 putabant,

209 2466 295 2507 vid.
333 2465 547 2506 Clioeroli.
583 2465 718 2506 Belzlt.
757 2466 878 2506 1202.
955 2462 1250 2519 Comparanda
1291 2470 1354 2503 est
1386 2458 1668 2502 usitatissima

209 2535 252 2575 in
288 2532 539 2574 nominibus
571 2533 756 2591 propriis
789 2532 1044 2573 masculinis
1076 2531 1276 2572 flexionis
1298 2528 1432 2579 ratio,
1464 2535 1510 2568 ut
1533 2527 1664 2574 Ἴδας,

200 2603 320 2655 Ἴδα,
347 2602 465 2652 Ἴδᾳ,
491 2600 607 2641 ''Jd'uv
639 2627 689 2632 —
729 2603 885 2648 ψιλῆς,
927 2602 1049 2647 ψιλῇ,
1090 2601 1212 2654 ‘fist-{is
1253 2599 1383 2644 (ΙΗλῆν
1413 2621 1464 2626 —-
1504 2592 1665 2645 Τάλως,

217 2670 363 2715 Τάλω,
406 2668 549 2720 Τάλῳ,
593 2668 756 2716 Τάλων,
792 2667 877 2707 vid.
919 2666 1079 2707 Unum.
1116 2667 1190 2706 Gr.
1229 2665 1304 2705 Gr.
1338 2664 1378 2716 ξ.
1415 2662 1468 2703 56
1509 2668 1596 2701 not.
1622 2661 1663 2712 1,

209 2755 258 2780 co
292 2738 488 2789 diversa,
538 2736 652 2794 qnod
688 2753 706 2783 ς
739 2744 803 2776 cst
845 2736 886 2775 in
921 2734 1209 2782 nominativo,
1264 2748 1348 2773 non
1381 2731 1422 2771 in
1455 2728 1660 2785 genitivo.

206 2806 300 2848 dam
337 2805 555 2846 Creticum
588 2804 791 2861 oppidum
822 2802 951 2844 ..Ιιιτώ
994 2819 1045 2842 ex
1085 2801 1329 2858 antiquiore
1361 2815 1442 2840 usu
1475 2796 1662 2838 dativum
