1779 3079
212 217 277 266 42
663 216 704 276 §.
742 217 786 265 5.
859 218 932 264 De
968 216 1215 281 digamma

211 354 301 406 (27)
346 360 388 395 et
421 352 529 394 οἶνον
561 352 600 393 δ’
640 351 929 395 Οἰνουντιάδαν
958 354 1013 396 58
1042 353 1163 407 (15),
1223 368 1355 410 quum
1395 361 1438 395 et
1473 354 1578 403 ἁδύς
1615 360 1659 397 et

210 421 320 469 οἶνος
357 421 459 461 olim
499 420 709 477 digamma
752 436 828 462 usa
869 437 964 463 csse
995 429 1158 463 certum
1196 421 1252 462 sit
1289 428 1332 463 et
1367 421 1659 471 Οἰνουντιάδας

209 489 260 531 ab
295 488 405 536 οἶνος
434 489 711 530 derivandum
741 506 834 531 esse
861 488 1078 543 videatur,
1137 495 1179 531 et
1218 496 1314 532 ante
1356 496 1661 532 consonantem

208 557 252 598 in
282 558 340 604 τίς
370 574 477 598 ποκα
511 555 561 611 ῥᾴ
580 590 592 606 ,
625 557 680 598 cf.
711 557 763 599 L.
800 557 818 598 Ι
859 554 898 614 §.
933 557 983 611 5,
1014 559 1055 600 4.
1118 559 1169 599 In
1200 557 1507 616 Aristophanis
1537 557 1662 615 Lysi-

208 632 339 666 strata
381 625 512 666 semel
554 624 695 665 hiatus
739 625 942 682 digammi
987 624 1196 667 indicium
1236 626 1338 668 facit
1375 643 1417 668 v.
1460 625 1570 669 1096
1616 623 1660 667 τὸ

208 693 365 743 ἔσθος,·
425 692 610 749 neglecti
649 693 894 750 exemplum
933 709 1065 734 unum
1104 710 1144 735 v.
1178 694 1261 736 206
1298 694 1488 736 ποτόδδει
1520 692 1552 747 γ’
1585 691 1662 734 ἁδύ

206 761 332 803 facile
371 761 506 816 ejecta
546 760 753 818 particula
794 761 945 802 tollere
983 761 1113 815 licet,
1172 761 1256 803 alia
1297 761 1377 804 156
1416 760 1660 815 παρὲνιδών,

209 829 318 872 1099
349 832 394 869 αϊ
419 828 452 869 κ’
485 828 616 883 εἶδον,
660 829 770 871 1052
800 830 978 870 azimam
1008 845 1087 886 pro
1116 832 1346 872 θεοείκελοι,
1374 845 1462 871 non
1494 845 1579 871 una
1609 828 1662 871 de

205 913 332 939 causa
374 904 572 954 suspecta
613 903 714 937 sunt
735 900 784 946 ⁴²).
863 896 914 936 In
943 895 1116 953 Epilyci
1147 896 1368 939 Coraliseo
1410 897 1523 955 apud
1550 897 1659 939 Ath.

203 965 282 1007 IV.
319 965 414 1017 140,
435 980 458 1005 a
496 963 637 1004 hiatus
679 970 744 1005 est
773 963 818 1004 in
848 962 955 1016 μάλα
987 963 1100 1011 ἁδύς.
1163 964 1215 1006 In
1246 965 1416 1007 decreto
1444 964 1662 1006 Laconico

205 1032 318 1091 apud
347 1031 645 1088 Thucydidem
675 1031 736 1085 V,
767 1032 823 1074 77
862 1030 1066 1088 digammi
1096 1032 1277 1089 vestigia
1306 1032 1425 1074 nulla
1456 1047 1662 1090 apparere

201 1116 287 1141 non
319 1099 474 1141 mirum
503 1106 581 1141 est.

316 1169 361 1219 2)
421 1167 641 1209 Laconum
681 1183 759 1225 per
787 1167 1048 1209 Tarentinos
1079 1167 1222 1210 coloni
1251 1167 1662 1210 Heracleenses

205 1235 409 1291 digammi
438 1235 541 1277 satis
573 1243 744 1277 tenaces
775 1243 924 1290 erant3
957 1236 1063 1277 mira
1094 1244 1234 1278 tamen
1265 1236 1429 1277 ratione
1460 1235 1587 1276 modo
1616 1235 1662 1277 id

203 1303 474 1359 abjecerant,
526 1303 602 1345 ubi
640 1303 963 1362 antiquissimos
996 1303 1185 1346 Graecos
1223 1319 1273 1345 co
1314 1318 1415 1344 usos
1446 1318 1541 1345 esse
1571 1318 1661 1344 cer-

201 1379 290 1413 tum
333 1379 425 1426 est,
485 1371 612 1413 modo
651 1371 916 1426 asciverant,
976 1372 1052 1414 uhi
1089 1372 1134 1413 in
1172 1371 1353 1429 reliquis
1393 1371 1587 1413 dialectis
1619 1377 1663 1412 et

201 1439 364 1496 linguis
395 1439 590 1497 cognatis
621 1456 675 1481 ne
705 1439 841 1481 ullum
879 1440 1053 1497 quidem
1083 1440 1178 1496 ejus
1208 1439 1438 1496 vestigium
1469 1444 1660 1497 apparet.

201 1507 447 1565 Antiquum
487 1507 699 1564 digamma
738 1507 906 1550 tabulae
936 1509 1250 1550 Heracleenscs
1290 1515 1462 1550 servant
1490 1507 1536 1548 in
1565 1506 1660 1548 his:

199 1577 367 1624 Fe'zog
397 1576 444 1630 I,
476 1576 516 1618 3.
551 1577 576 1618 5
607 1584 689 1618 etc.
709 1607 721 1630 ,
778 1592 1023 1634 quanquam
1056 1576 1100 1617 in
1132 1575 1371 1633 composito
1401 1575 1664 1630 πενταέτηρίς

203 1659 280 1702 pro
310 1644 523 1701 digamma
562 1643 741 1702 spiritus
781 1660 908 1703 asper
943 1644 1104 1702 legitur
1138 1644 1185 1699 I,
1215 1645 1284 1687 57.
1329 1644 1400 1698 Il,
1432 1643 1512 1698 353
1571 1643 1663 1684 Fi-

201 1730 322 1753 κατι
350 1712 418 1754 vel
448 1714 668 1753 Γείκατι
711 1729 789 1771 pro
821 1715 953 1754 εἴκοσι
982 1729 1079 1754 cum
1110 1712 1362 1770 compositis
1391 1712 1663 1753 Γικάτίπεὸον

200 1788 242 1823 et
272 1782 556 1829 Γικατι’ὁειοιι,·
605 1782 815 1830 Fidens,
863 1781 978 1838 quod
1017 1781 1143 1823 etiam
1173 1781 1286 1838 apud
1315 1779 1553 1821 Pindarum
1583 1777 1656 1819 Ol.

200 1848 338 1902 XIII,
369 1848 424 1890 49
455 1848 617 1889 hiatum
647 1848 855 1902 admittit,
898 1849 954 1890 cs.
988 1849 1240 1901 di-vido,
1280 1847 1510 1899 viduus,
1558 1846 1660 1898 Pott

199 1917 387 1970 Etymol.
420 1917 591 1957 Forsclz.
623 1915 681 1956 11.
715 1931 757 1972 p.
791 1917 872 1971 433
919 1923 1135 1974 postremo
1167 1917 1468 1968 ἰγΡηληθίωντι
1499 1915 1544 1967 1,
1578 1914 1658 1957 109

200 1983 227 2025 i.
260 2000 298 2025 e.
331 1986 589 2032 ἐξειληθῶντι
620 1999 643 2024 a
673 1986 807 2032 Γηλίω
839 2000 918 2042 pro
949 1984 1058 2024 εἱλέω
1091 1983 1195 2035 (vid.
1220 1980 1259 2039 ξ.
1284 1983 1363 2041 20,
1391 1982 1417 2023 6
1443 1989 1485 2023 et
1501 1982 1542 2035 ξ.
1564 1982 1656 2035 26),

199 2051 311 2092 unde
344 2051 474 2091 simul
505 2058 681 2108 apparet
711 2050 923 2107 digamma
954 2051 1116 2092 mediae
1149 2051 1288 2092 simile
1320 2049 1511 2091 habitum
1543 2065 1654 2091 esse.

199 2118 385 2176 Antiqui
428 2118 640 2175 digamma
681 2119 908 2175 vestigium
948 2118 1210 2176 praepositio
1243 2118 1286 2158 in
1319 2116 1588 2170 ἐπιοικοδομά
1618 2117 1657 2169 I,

205 2188 282 2230 102
313 2186 537 2227 elisionem
569 2201 654 2226 non
684 2202 811 2243 passa
842 2186 1050 2239 servavit,
1109 2202 1354 2243 quanquam
1391 2185 1435 2226 in
1477 2186 1586 2227 οἰκία
1618 2190 1660 2226 ct

200 2256 365 2296 ἐποίκια
398 2255 441 2303 Ι,
473 2255 528 2296 98
557 2253 684 2311 plane
714 2253 900 2295 evanuit.
975 2253 1073 2295 Non
1113 2254 1255 2295 minus
1295 2253 1424 2310 periit
1462 2253 1506 2294 in
1538 2252 1660 2308 ἔργά--

200 2326 322 2375 ζομαι
353 2322 398 2376 I,
430 2322 499 2364 64.
538 2321 633 2363 120.
669 2321 745 2362 '121
790 2329 832 2363 et
878 2322 1116 2379 composito
1163 2321 1448 2375 ἀμπελωργικά
1493 2321 1563 2373 ll,
1602 2320 1656 2362 43

245 2523 281 2564 4)
331 2522 371 2554 ln
401 2533 430 2554 v.
461 2524 524 2556 156
561 2521 749 2568 παρενιδοὶν
787 2531 820 2555 et
855 2521 949 2559 ἅπαξ
986 2523 1160 2564 λεγόμενον
1197 2531 1248 2557 est
1284 2531 1319 2557 ct
1360 2522 1395 2556 in
1431 2521 1515 2556 aliis
1549 2519 1655 2555 libris

201 2579 390 2624 ncaepcqtdniv
418 2580 473 2613 vel
502 2579 697 2625 παρενιὸών
722 2579 899 2621 tra‹litur;
945 2588 1134 2624 practerea
1162 2592 1228 2625 pro
1254 2579 1381 2622 γυμνάς
1411 2578 1524 2622 (qnod
1553 2585 1654 2611 certe

201 2637 478 2670 circumflexum
507 2638 704 2681 flagitaret)
742 2636 849 2678 γυμνά
877 2637 1122 2671 desideratur.
1188 2638 1225 2670 ln
1255 2650 1285 2672 v.
1317 2639 1403 2672 1099
1425 2635 1654 2681 apertissime

203 2702 376 2738 corrupto
408 2695 494 2728 libri
515 2697 708 2740 praebent:
736 2695 825 2728 δεινά
852 2693 877 2736 γ’
904 2689 948 2727 cui
974 2696 1219 2735 mndn'ſtrcuaec,
1245 2694 1307 2728 aix'
1335 2697 1406 2729 ἴδον
1429 2693 1510 2733 ἁμὲς
1534 2692 1652 2736 ἄνδρες

202 2751 486 2791 ἀναπεᾳασμίνιιις
520 2758 568 2795 (v.
605 2754 625 2787 l.
664 2752 1007 2793 (ἔιάπωλασμὲιίυς),
1057 2764 1151 2796 quae
1193 2763 1331 2786 manum
1370 2749 1650 2786 emendatricem

205 2818 410 2854 expectant>
466 2811 522 2843 Dc
549 2822 636 2844 voce
665 2811 812 2847 θτῐκελυς
840 2810 910 2843 vid.
939 2812 967 2851 ξ.
994 2813 1050 2845 26.
