1779 3079
500 228 576 275 Ad
611 226 823 274 Librum
861 224 1097 272 Primum.
1425 221 1522 272 543

277 365 436 407 ὄπποτα
465 363 678 414 πλήθοισα
707 360 880 403 κάλιστα
910 357 1044 411 λάμπη

38 482 39 485 ¹
662 432 736 485 γᾶν
769 429 849 479 [ἐπὶ
877 428 1065 478 πταῖσαν]

78 500 113 542 Ε
145 500 324 543 Juliano
355 499 496 558 Epist.
529 498 657 540 XIX.
688 495 912 538 hausimus
944 493 1178 549 ἀργυρέαν,
1228 494 1345 552 quod
1374 494 1420 535 in
1451 492 1526 549 ἆρ-

75 569 219 623 γυρίαν
247 568 538 620 mutavimus,
582 574 624 608 et
654 563 737 605 διά.
820 563 1047 604 Praeterea
1078 577 1102 604 e
1131 562 1379 617 conjectura
1410 562 1527 604 dedi-

75 651 173 678 mus
205 634 508 691 ἇπυκρύπτοισι
537 649 616 691 pro
642 630 952 686 ἀποκρύπτουσι
983 637 1024 671 et
1053 629 1224 671 κάλιστα
1253 646 1331 687 pro
1352 629 1528 682 μάλιστα

74 703 163 746 vid.
199 703 241 756 ξ.
275 703 327 757 8,
361 703 429 744 11.
519 699 779 757 Corruptius
810 714 937 757 quam
977 697 1092 753 apud
1129 697 1406 739 Eustathium
1446 699 1528 740 sra-

76 779 299 828 gmentum
342 768 502 825 legitur
551 767 598 808 in
642 766 808 810 Scholl.
855 766 986 808 Hom.
1034 765 1234 807 Anccdd.
1280 766 1402 808 Parr.
1444 766 1527 820 ΠΙ,

75 838 189 894 233,
222 839 291 881 32.

189 905 272 947 Fr.
308 904 349 948 5.
412 903 617 945 Fortasse
646 901 846 943 θαλεέσσι
877 899 1155 942 scribendum
1184 906 1263 940 est.

186 973 268 1014 Fr.
302 973 343 1015 7.
406 970 711 1028 suspicamur:
759 970 828 1010 σοῖ
857 968 897 1008 δ’
930 968 1006 1023 ἔγω
1040 966 1188 1015 λεύκας
1219 967 1284 1006 ἐπὶ
1314 966 1440 1019 δᾶμον
1473 965 1528 1006 αἶ-

77 1059 148 1095 γος
179 1056 240 1082 sc.
272 1041 394 1081 πίονα
424 1038 595 1088 παύσω,
641 1037 729 1078 nisi
758 1036 920 1078 rectius
952 1038 1079 1089 δῆμον
1110 1034 1330 1078 scribitur.

190 1108 273 1150 Fr.
308 1108 375 1149 14.
435 1107 687 1164 Proponere
716 1105 812 1146 ausi
842 1120 1018 1146 sumus:

484 1172 792 1228 Χερρόμακτρα
825 1174 866 1213 δὲ
894 1170 1116 1227 πορφύρας

482 1240 747 1296 ἇπαυγάμενα
775 1242 912 1294 τιμίας

481 1311 538 1357 εἰς
572 1308 616 1350 0·’
648 1307 802 1363 ἔπεμψ’
833 1306 916 1349 cim)
952 1305 1137 1354 Φωκάας

482 1378 596 1431 δῶρα
625 1378 737 1430 τίμια
768 1375 846 1430 κὰγ
873 1375 1018 1429 γόνων.

80 1448 133 1489 In
162 1445 288 1490 libris
318 1451 413 1487 est:
455 1447 658 1499 πορφυρᾶ
690 1461 873 1485 καταυτα
905 1446 975 1497 μὲν
1006 1441 1217 1496 ἀτιμάσεις
1244 1440 1420 1493 ἔπεμψα.

193 1514 278 1556 Fr.
312 1512 379 1555 16.
442 1512 589 1566 Quum
618 1512 664 1554 in
693 1512 820 1554 libris
851 1512 980 1554 modo
1010 1511 1174 1564 ε’Ῑιιμεναι
1204 1511 1400 1563 φαίνεαι,
1447 1521 1536 1547 mo-

83 1583 137 1626 do
168 1582 225 1624 ἔτι
256 1582 427 1635 (poclum,
469 1581 597 1623 modo
630 1579 795 1633 ἔζιιμεναι
824 1585 918 1621 λιθο
950 1581 1111 1632 (φηλιεο
1143 1579 1175 1621 i.
1209 1594 1246 1621 e.
1282 1573 1447 1631 φαίνεο)
1478 1575 1538 1616 le-

86 1657 238 1709 gatur,
284 1648 563 1691 scribendum
592 1648 790 1691 videtur:

284 1719 449 1771 Σμίκρα
478 1734 549 1769 μοι
577 1715 676 1764 πάϊς
707 1713 848 1768 ἕζιιμεν>
881 1715 1044 1769 ἐφαίνεο
1078 1714 1270 1769 κᾶχαρις.

196 1786 279 1827 Fr.
313 1785 382 1827 17.
444 1784 667 1842 Suspicati
698 1799 848 1825 sumus

295 1853 427 1894 Φαΐσι
459 1852 507 1902 δή
538 1851 637 1894 ποτ’
669 1851 834 1905 ἆμωνᾶν
861 1850 947 1891 ὕπα
977 1848 1144 1891 κύκνιον

284 1920 436 1971 Λήδαν
466 1920 563 1962 ὤϊον
594 1920 718 1975 εὕρην
748 1917 1072 1971 πεπυκάὸμενον.

86 1988 247 2031 Zonar.
293 1996 337 2031 et
365 1988 556 2045 Etymm.
591 1988 713 2030 Parr.
756 1985 939 2039 ποταμὸν
977 1987 1216 2027 ὑακίνθινον
1243 1988 1304 2026 Λ.
1337 2002 1382 2026 π.
1416 1986 1544 2039 εὑρεῖν

89 2056 215 2107 divona,
274 2057 437 2099 Athen.
480 2071 578 2097 ποτε
607 2060 665 2097 Λ.
701 2055 798 2097 ὤϊον
827 2055 972 2109 εὑρεῖν.
1016 2077 1070 2083 —-
1128 2052 1324 2110 Hesych.
1359 2052 1542 2107 ἆμώνας,

85 2123 160 2172 τὰς
191 2123 424 2176 ἇνεμώνας·
457 2125 641 2172 Αἰολεῖς.

202 2190 285 2232 Fr.
320 2192 390 2233 22.
451 2191 570 2232 Fort.
603 2190 655 2240 ζᾶ
685 2191 725 2232 δ’
758 2192 968 2245 ἐλεξάμαν.

202 2259 286 2300 Fr.
327 2259 398 2302 27.
457 2258 585 2300 Nune
626 2260 797 2301 demum
838 2260 1015 2302 Stohaei
1054 2255 1351 2300 Gaisfordiani
1391 2254 1544 2297 editio-

89 2343 188 2370 nem
218 2326 498 2385 Lipsiensem
529 2326 745 2384 inspicere
774 2328 902 2370 licuit
920 2358 932 2381 9
994 2343 1076 2385 qua
1106 2333 1215 2367 teste
1245 2323 1307 2365 νε’
1341 2320 1448 2365 οὖσα
1479 2331 1545 2365 est

89 2397 138 2438 in
165 2395 263 2437 AB.
284 2426 297 2447 ,
343 2403 390 2436 ut
419 2394 637 2449 nesciam,
687 2412 772 2454 quo
795 2396 897 2451 jure
928 2395 1206 2436 Hei-mannus
1237 2399 1279 2433 ct
1309 2391 1545 2433 Schneide-

90 2463 238 2506 winus
269 2464 315 2503 in
345 2461 443 2503 AB.
477 2457 578 2502 εῧσα
609 2478 703 2504 esse
731 2463 994 2505 contendant
1024 2468 1065 2503 et
1093 2459 1152 2501 ‘ve'
1181 2456 1288 2501 οὖσα
1318 2459 1364 2501 in
1394 2459 1544 2501 codice

93 2531 265 2579 Ursini.
350 2531 501 2586 ltaque
534 2529 714 2586 Bergkii
743 2530 985 2574 emendatio
1010 2529 1102 2584 jam
1132 2527 1313 2584 reliquis
1344 2527 1544 2584 probabi-

92 2599 177 2641 lior
207 2614 306 2641 cssc
334 2597 532 2640 videtur:

293 2665 405 2708 Ἀλλ’
437 2664 513 2706 ε”ων
546 2665 663 2715 φίλος
695 2664 866 2717 ἄμμεσιν
896 2665 1010 2718 λε’χος
1043 2663 1196 2718 ἄρνυσο
1227 2661 1445 2716 νεώτερον·

295 2732 342 2775 οὐ
372 2731 451 2785 γὰρ
483 2730 659 2784 τλάσομ’
691 2731 766 2786 ἔγω
797 2733 990 2781 ξυνοίκην
1021 2731 1138 2772 ἔοισα
1168 2730 1386 2784 γεραιτέρα

94 2801 181 2843 nisi
213 2801 328 2859 quod
358 2799 574 2857 Bergkius
605 2800 714 2840 male
743 2803 822 2851 νεῷ
854 2796 958 2841 οὖσα
989 2799 1235 2856 scripserat.
