1779 3079
231 198 332 249 298
723 200 797 246 De
838 199 1190 264 conjugatione.

233 334 390 377 deinde
422 332 557 375 vocali
591 350 636 381 o,
680 348 789 389 quae
818 349 904 375 non
935 334 989 374 ad
1021 333 1200 391 stirpem
1232 333 1444 391 pertinet,
1477 334 1521 375 in
1552 352 1569 376 ε
1599 352 1688 378 mu-

232 409 347 454 tata,
392 401 508 458 quod
539 408 749 459 sequente
781 401 917 458 sigma
946 401 1212 458 postulatur,
1256 401 1424 443 nullum
1456 401 1688 445 discrimen

233 469 348 510 inter
376 468 640 526 singularem
673 476 715 511 et
744 469 953 526 pluralem
984 475 1143 510 manet.
1175 495 1229 499 —
1271 468 1368 510 Jam
1400 486 1422 511 a
1452 478 1570 527 parte
1599 471 1689 512 Do-

232 537 442 578 riensium
472 555 493 577 v
523 536 569 576 in
599 537 684 578 fine
714 537 903 577 additum
936 545 1028 590 est,
1063 544 1108 577 ut
1138 536 1182 577 in
1215 537 1443 578 Homerica
1476 546 1517 579 et
1546 538 1690 580 Attica

232 603 445 656 dialecto,
485 603 587 661 quia
618 623 639 644 ν
669 604 714 645 in
745 604 863 646 exitu
893 604 1114 646 tertiarum
1147 620 1427 661 personarum
1461 606 1690 663 pluralium

232 672 384 713 audire
415 680 753 726 consueverant3
796 672 853 713 ita
884 673 928 713 in
962 672 1176 727 objectivo
1207 673 1344 713 forma
1374 674 1567 728 genitivo
1596 674 1689 731 plu-

231 740 313 781 rali
335 739 578 798 participii,
611 739 657 780 in
690 739 931 794 subjectivo
963 740 1113 781 tertiae
1144 739 1262 781 duali
1293 740 1536 797 imperativi
1556 757 1690 799 aequa

231 815 330 849 nata
360 815 441 849 est.
520 807 662 849 Multo
694 806 908 849 recentior
928 818 1005 849 ,est
1034 807 1159 849 tertia
1189 808 1352 861 forma,
1400 824 1509 866 quae
1541 809 1692 850 tertiae

231 891 442 933 personae
481 874 692 932 singulari
734 875 1082 916 terminationem
1130 891 1205 914 σαν
1252 875 1369 916 addit
1415 892 1463 917 ea
1507 877 1689 930 ratione,

231 959 360 1002 quam
396 943 543 998 justae
581 942 808 999 analogiae
840 942 1059 983 adversari
1095 942 1337 984 accuratius
1367 944 1590 1000 quaerenti
1620 960 1691 1000 ap-

231 1018 366 1069 paret.
427 1010 613 1052 Videtur
643 1026 691 1051 ea
721 1009 909 1067 primum
937 1009 983 1050 in
1015 1009 1255 1064 subjectivo
1281 1011 1522 1067 placuisse,
1556 1027 1691 1068 quon-

232 1079 317 1121 iam
346 1078 418 1120 hie
448 1078 586 1136 prima
616 1079 752 1119 sorma
783 1094 879 1119 cum
910 1078 1034 1119 tertia
1079 1078 1321 1135 singulari,
1368 1079 1554 1120 secunda
1595 1094 1690 1119 cum

233 1147 359 1189 tertia
390 1146 506 1188 duali
536 1146 770 1203 permutari
800 1153 981 1202 poterat.
1044 1145 1190 1186 Simili
1222 1147 1387 1188 ratione
1419 1146 1613 1198 Rhodii,
1646 1146 1689 1186 in

233 1214 450 1270 objectivo
481 1214 811 1272 antiquissimae
841 1214 1003 1255 formae
1035 1221 1237 1266 tenaces,
1281 1216 1463 1271 permoti
1503 1229 1600 1255 csse
1631 1213 1690 1255 vi-

233 1283 417 1335 dentur,
463 1290 510 1323 ut
550 1283 596 1324 in
637 1281 879 1336 subjectivo
920 1281 1151 1322 secundam
1196 1283 1488 1339 praeferrcnt3
1547 1282 1691 1323 minus

231 1351 348 1393 enim
379 1351 556 1392 molesta
588 1359 678 1394 erat
708 1349 889 1407 pluralis
923 1364 1020 1390 cum
1053 1349 1167 1391 duali
1199 1367 1326 1408 quam
1358 1366 1455 1392 cum
1479 1350 1691 1408 singulari

233 1419 492 1461 similitudo.

345 1488 389 1537 5)
449 1487 499 1527 ln
540 1485 713 1528 tertia
755 1485 910 1526 duali
950 1484 1383 1541 praeteritorum
1416 1494 1457 1528 et
1487 1485 1686 1544 optati·

231 1571 414 1597 vorum
460 1553 739 1609 objectivi
793 1560 836 1594 et
892 1551 1210 1607 subjectivi
1253 1562 1381 1611 atque
1426 1554 1471 1596 in
1521 1554 1690 1612 prima

233 1622 521 1681 singulari
561 1621 997 1679 praeteritorum
1040 1621 1354 1677 subjectivi
1388 1640 1413 1663 α
1442 1630 1507 1663 est
1538 1639 1616 1680 pro
1647 1641 1687 1672 η,

234 1699 283 1732 ut
313 1690 548 1740 ἑποησάταν
578 1690 739 1749 Delph.
774 1706 839 1730 nr.
872 1688 953 1742 25,
996 1688 1242 1738 κτησάσθαυ
1273 1690 1432 1743 Piud.‚
1467 1691 1691 1742 συιέθέμαν

237 1759 353 1802 Cret.
387 1758 530 1811 2555,
578 1757 860 1811 ἐμπορευόμαν
900 1765 942 1799 et
983 1756 1194 1809 ἀνειλόμαν
1236 1759 1426 1799 Achai-11.
1460 1760 1556 1800 720.
1590 1758 1687 1808 776,

235 1827 399 1879 ὀλοίμαν
428 1827 594 1883 Tragg.
643 1834 724 1868 ete.
800 1826 957 1868 Dualis
987 1834 1128 1866 tamen
1161 1826 1389 1867 verborum
1427 1826 1468 1866 in
1498 1826 1688 1867 certiori-

234 1896 317 1936 bus
342 1894 523 1935 Doridis
556 1893 751 1934 sontibus
781 1910 867 1934 non
898 1894 1044 1934 minus
1074 1910 1197 1935 rarus
1217 1903 1281 1934 est
1301 1910 1427 1949 quam
1451 1894 1685 1934 nominum.

234 1965 411 2005 Praeter
442 1961 676 2010 ἐπυησάταν
714 1960 759 2000 in
805 1961 982 2017 antiquo
1025 1961 1100 2002 illo
1132 1961 1257 2001 titulo
1288 1961 1504 2017 Delphico
1536 1978 1600 2001 nr.
1634 1962 1688 2001 25

234 2046 447 2088 nusquam
479 2030 648 2071 dualem
681 2030 825 2085 legere
857 2028 1031 2069 memini
1063 2035 1360 2085 praeterquam
1391 2029 1581 2069 Achai-n.
1607 2028 1689 2070 (59¹.)

237 2098 456 2150 ἀκούῠτον,
489 2097 604 2154 quod
634 2096 907 2136 Hermannus
936 2104 1069 2136 metro
1102 2095 1308 2137 suadente
1341 2104 1454 2136 recle
1487 2096 1529 2136 in
1563 2095 1689 2137 ἀκού--

236 2183 295 2207 ὅτε
326 2173 512 2207 mutasse
544 2164 734 2217 videtui-3
766 2179 936 2221 semper
969 2163 1081 2204 enim
1103 2163 1372 2218 Mcgarensis
1403 2164 1548 2204 ambas
1579 2163 1688 2204 lilias

235 2235 464 2292 alloquens
496 2232 650 2289 plurali
684 2231 831 2272 utitur.
892 2232 984 2272 Nec
1016 2232 1228 2285 genuinos
1250 2232 1518 2272 existimabis
1541 2231 1689 2272 duales

235 2302 530 2344 notcrrzxt‘zae'rmv
560 2308 601 2341 et
631 2301 873 2339 {numanum
903 2299 1015 2355 apud
1048 2300 1351 2340 Archimedem
1383 2300 1435 2340 de
1469 2299 1607 2339 Helie.
1642 2316 1683 2356 p.

235 2371 336 2422 232,
369 2384 611 2426 quanquam
645 2368 696 2408 de
729 2367 895 2407 duabus
928 2366 1055 2407 lincis
1087 2368 1251 2421 agiturq
1288 2383 1382 2407 nam
1414 2383 1466 2408 ne
1497 2367 1563 2407 hic
1594 2366 1687 2422 qui·

238 2438 333 2479 dem
376 2437 520 2489 duali,
567 2436 695 2489 cujus
738 2435 1087 2491 frequentissima
1130 2434 1298 2476 occasio
1341 2442 1455 2487 crat,
1502 2450 1687 2491 uuquam

240 2522 343 2546 usus
375 2521 468 2546 esse
500 2503 683 2545 videtur.

353 2573 396 2617 (3)
461 2573 505 2612 ln
567 2571 740 2629 prima
798 2570 1010 2625 plurali
1069 2570 1388 2624 subjectivi
1445 2568 1686 2610 terminatio

238 2647 376 2691 μεσθα
419 2640 575 2680 Dorica
623 2638 780 2680 dicitur
826 2654 845 2677 a
880 2638 1013 2693 (li-cg,
1065 2639 1166 2678 (lor.
1211 2655 1250 2694 p.
1291 2639 1366 2678 150
1406 2636 1686 2677 Thi-neritum

240 2708 514 2764 respiciente.
569 2706 651 2747 (lui
689 2706 798 2746 haud
833 2705 1008 2745 :inultum
1044 2705 1141 2745 lidci
1176 2705 1445 2745 tribuendum
1476 2713 1555 2744 cst.
1608 2704 1685 2743 Pn-

242 2776 328 2817 tius
360 2776 550 2831 vulgaris
582 2773 823 2816 terminatio
855 2782 960 2823 pust«
995 2774 1084 2813 sola
1118 2773 1327 2829 reperitur
1361 2773 1402 2812 in
1440 2772 1577 2812 titulis
1598 2802 1609 2817 .,
1642 2779 1687 2811 ut
