1779 3079
529 192 605 239 Ad
642 191 853 239 Librum
894 190 1179 240 Secundum.
1477 192 1574 241 583

130 329 344 372 diorum
374 329 593 370 decretum
625 328 670 369 in
701 327 794 369 solo
827 326 980 368 Olbiae
1011 333 1225 382 repertum
1254 333 1338 367 tam
1369 326 1575 380 lacerum,

127 404 176 439 ut
204 397 278 439 vix
310 396 522 438 Lesbiaca
560 396 770 436 dialectus
810 402 925 436 certo
957 401 1266 449 cognoscaturt,
1304 393 1457 436 titulus
1488 394 1576 434 Mi-

127 465 427 522 tylenaeus
467 480 533 505 ur.
566 463 677 505 2166
708 478 731 504 e
760 478 870 503 novo
904 461 1101 518 Rieperti
1137 463 1382 520 apographo
1412 461 1577 519 aliquo-

126 533 210 574 ties
242 532 493 574 emendatus
532 538 624 584 est,
665 538 711 571 ut
746 530 778 571 l.
811 529 865 571 25
907 529 1195 582 [ὁμο]νόεντες,
1239 530 1354 588 quod
1394 530 1501 571 adde
1532 532 1573 583 ξ.

125 600 202 650 26,
234 601 287 653 2,
330 608 371 642 et
404 615 536 657 quum
567 598 681 640 idem
716 598 912 650 φέρουτον
942 597 972 637 1.
1004 597 1059 639 28
1094 598 1340 650 confirmet,
1380 604 1576 639 nostrum

118 667 334 723 judicium
365 667 406 720 ξ.
441 668 522 717 24,
563 667 590 709 7
628 664 875 707 Boeekhius
913 665 1134 722 probavit,
1180 666 1225 707 in
1267 666 1365 707 aliis
1407 682 1577 724 quoquc

122 736 251 777 nobis
296 750 517 777 assensus.
601 733 751 776 Novus
803 733 985 774 accessit
1028 733 1182 774 titulus
1226 734 1462 776 Eresius
1508 750 1575 775 nr.

121 802 258 852 2166,
303 802 357 857 Ι),
399 802 524 844 valde
554 801 734 843 mutilus
765 817 843 843 nec
874 817 1006 858 purae
1036 801 1211 843 dialecti
1253 804 1318 854 (ut
1348 804 1575 856 δισχιλίοις,

119 869 303 920 πάσαις,
351 872 594 925 εἰρωτῶυτες
636 886 713 927 pro
746 871 1016 923 ὃισχε).λιόις,
1060 870 1256 917 παίσαις,
1302 869 1574 923 εἶρώταυτες).

118 936 329 980 Notamus
359 937 563 990 παυὸάμι,
602 952 786 994 quocum
817 953 1042 994 compara,
1086 953 1193 994 quae
1225 936 1268 977 in
1304 936 1430 977 Cum.
1466 939 1577 980 3523

121 1013 249 1060 sunt,
283 1005 403 1047 ἅσύλι
433 1014 475 1046 et
507 1005 706 1059 ἇσπόνὸι,
752 1004 840 1046 nisi
870 1005 980 1046 sorte
1010 1005 1170 1046 rectius
1200 1004 1402 1056 πάνδαμι,
1439 1005 1576 1058 dionae,

121 1072 300 1114 ἅσπονδι
325 1073 602 1125 scribuntur,
635 1080 683 1113 ut
700 1072 863 1114 Aeoles
886 1074 1039 1114 horum
1061 1073 1253 1114 ultimam
1280 1073 1429 1114 codem
1449 1074 1577 1115 modo

118 1140 434 1198 corripuerim,
477 1157 563 1198 quo
608 1140 673 1180 αἷΐ
703 1141 906 1181 dixerunt
945 1157 1021 1197 pro
1063 1143 1154 1181 αἰεί.
1227 1142 1278 1181 In
1319 1141 1348 1182 l.
1390 1142 1418 1183 2
1457 1142 1576 1183 nulla

117 1208 244 1250 litera
295 1216 454 1250 mutata
508 1207 744 1266 legendum
801 1224 897 1249 csse
941 1209 1111 1250 videtur
1154 1208 1373 1261 &tenacitas
1420 1210 1463 1249 ἐκ
1504 1213 1577 1258 τᾶς

119 1275 295 1327 [πόλι]ος
334 1276 364 1317 ἰ.
397 1292 434 1317 e.
470 1278 681 1325 ἐξέκλεισε.
743 1276 989 1318 Boeekhius
1029 1277 1204 1334 scripsit
1242 1277 1424 1318 ἐκάλεσε.
1485 1277 1577 1319 Mi—

116 1342 415 1398 tylenaeus
446 1360 512 1384 nr.
545 1344 684 1397 2166,
719 1359 742 1385 c
782 1353 965 1385 exeunte
1008 1346 1179 1387 sacculo
1214 1345 1338 1386 tertio
1371 1345 1574 1403 scriptus,

115 1409 245 1464 cujus
286 1410 516 1453 dialectum
553 1412 802 1454 Boeckhius
842 1412 966 1453 valde
1005 1420 1281 1470 temperatam
1320 1429 1414 1455 csse
1453 1414 1574 1454 dicit.

114 1476 332 1535 Equidem
371 1480 484 1522 nihil
522 1480 727 1533 invenio,
773 1480 890 1537 quod
931 1497 953 1521 a
991 1481 1175 1523 dialecto
1211 1481 1327 1523 tituli
1367 1498 1433 1522 nr.
1465 1482 1577 1524 2166

114 1544 314 1600 reccdat3
360 1562 459 1588 nam
497 1547 571 1595 τὰς
617 1548 802 1595 δαπάνας
841 1557 980 1600 extu,
1025 1565 1151 1607 quem
1188 1549 1240 1590 Β.
1284 1550 1576 1591 accusativum

114 1612 329 1669 pluralem
358 1615 526 1671 putavit
565 1613 719 1671 (Lesb.
755 1620 844 1664 ταῖς
876 1615 1127 1671 δαπάναις),
1170 1624 1346 1675 propter
1378 1618 1575 1659 lacunam

112 1679 300 1722 vicinam
330 1697 469 1740 aequo
494 1683 599 1738 jure
629 1687 703 1731 τᾶς
735 1683 921 1732 δαπάνας
952 1685 1085 1726 scribi
1123 1692 1292 1743 potest,
1339 1693 1386 1726 ut
1416 1685 1472 1727 sit
1503 1702 1575 1743 ge-

110 1747 292 1790 nitivus.
343 1749 437 1791 Iota
474 1751 629 1793 dativis
661 1752 925 1809 adscriptum
958 1760 1038 1794 est.
1072 1781 1125 1786 -
1155 1753 1575 1810 Methymnaeus

113 1831 182 1857 nr.
214 1816 353 1867 2168,
394 1817 448 1872 l),
495 1819 572 1860 ubi
605 1823 747 1860 ἔνυεκα
778 1827 819 1861 et
848 1821 1066 1874 χέ).ληση·ς
1096 1822 1152 1863 cf.
1214 1821 1409 1878 Hesych.
1442 1821 1576 1876 χιλιά-

113 1899 257 1933 στυες,
294 1887 334 1924 αἱ
366 1887 514 1938 φυλαί,
547 1886 636 1928 vid.
669 1887 725 1928 L.
759 1888 795 1929 I.
829 1903 872 1944 p.
908 1889 976 1931 58.
1011 1912 1064 1919 —
1097 1889 1325 1940 Delius,
1370 1906 1498 1946 quem
1528 1890 1574 1931 iu

109 1951 192 1992 hoc
231 1951 454 1994 volumine
490 1970 534 2011 p.
567 1955 651 1997 496
692 1955 939 2009 edidimus,
981 1957 1144 2013 legitur
1181 1973 1247 1997 nr.
1281 1957 1417 2012 2265,
1459 1959 1486 1999 h
1528 1958 1573 1999 in

109 2016 357 2061 Addendis.
406 2020 656 2064 Boeclzhius
688 2024 868 2064 retinuit
898 2026 1099 2065 Θελαισίω
1131 2025 1162 2066 l.
1191 2026 1235 2077 2,
1268 2024 1382 2067 idem
1414 2042 1571 2068 nomen

108 2083 157 2125 in
196 2084 324 2127 titulo
360 2087 626 2145 Mitylenaeo
666 2106 732 2131 nr.
776 2090 913 2144 2183,
943 2092 971 2133 l)
1012 2092 1129 2134 Add.
1177 2108 1437 2148 agnoscens.
1509 2094 1572 2135 At

107 2150 179 2192 hic
209 2152 340 2194 lectio
369 2153 533 2198 incerta
563 2165 605 2198 et
631 2158 677 2198 in
714 2159 793 2201 illo
824 2159 947 2201 Delii
977 2160 1074 2202 loco
1105 2161 1268 2201 mensis
1315 2161 1570 2217 significati-

108 2234 235 2260 onem
272 2220 490 2264 desidero.
551 2224 723 2267 Deinde
763 2227 816 2268 B.
859 2227 890 2269 l.
933 2228 959 2269 7
1001 2227 1239 2277 Πολυδεύκη
1280 2236 1362 2269 etc.
1402 2229 1570 2271 dativos

105 2293 227 2342 putat
264 2295 306 2329 et
345 2290 525 2347 corrigit
563 2292 790 2347 Εὐ[,ιι]εὐη,
846 2295 877 2336 l.
923 2295 976 2336 10
1022 2296 1279 2346 Θεοκ).εί[τ]ω
1322 2297 1431 2352 legit
1472 2313 1570 2338 cum

105 2353 325 2410 Lebasio,
356 2364 404 2398 ut
433 2357 516 2399 alia
548 2360 794 2405 omittamus
828 2362 1059 2403 dialectum
1090 2362 1236 2404 minus
1260 2365 1498 2421 tangentia.

217 2422 291 2464 Ad
317 2423 549 2466 dialectum
570 2426 777 2471 Doricam
806 2430 851 2470 hi
884 2430 984 2471 novi
1018 2430 1132 2471 tituli
1162 2431 1410 2488 pertinent:
1447 2431 1567 2474 Cor-

106 2505 342 2546 cyraeus
379 2491 498 2533 Add.
533 2494 667 2549 1849,
697 2512 719 2538 c
758 2496 953 2538 mutilus.
986 2525 1040 2530 —-
1084 2498 1414 2541 Ithacensis
1446 2500 1564 2542 Add.

104 2572 171 2599 nr.
207 2558 333 2612 1925,
365 2574 406 2609 o,
438 2560 515 2602 ubi
543 2563 807 2617 Κληναγόρα,
847 2580 1033 2621 quocum
1064 2564 1116 2605 Β.
1151 2567 1318 2607 confert
1346 2570 1567 2617 Κληυίππα

102 2623 151 2666 in
174 2624 416 2682 Zacynthio
448 2644 514 2669 nr.
541 2629 666 2672 1940.
715 2631 888 2674 Vellem
919 2632 1092 2674 dialecti
1122 2632 1296 2674 illarum
1325 2634 1566 2676 insularum

102 2692 311 2749 ampliora
341 2703 617 2738 monumenta
655 2706 874 2754 extarent,
919 2715 1017 2741 nam
1048 2719 1072 2750 η
1104 2716 1183 2757 pro
1215 2717 1250 2741 ει
1280 2702 1469 2759 positum
1501 2719 1566 2745 se-

101 2759 314 2803 veriorem
359 2762 569 2806 Doridem
622 2765 691 2807 vel
744 2766 916 2824 potiuS,
975 2767 1062 2809 nisi
1115 2768 1272 2822 fallor,
1335 2770 1563 2812 dialectum
