1779 3079
266 190 366 241 504
668 190 897 239 Addenda
929 199 975 237 et
1010 189 1324 255 Corrigenda.

268 325 381 381 phus
411 323 546 365 amica
577 323 629 366 fr.
662 323 717 367 66
747 331 789 367 et
819 324 995 367 Maxim.
1029 325 1139 382 Tyr.
1170 323 1346 377 XXIV,
1377 339 1400 364 a
1438 323 1604 379 γυρῖνος
1633 323 1719 365 vid.

269 391 342 433 Et.
362 390 423 433 M.
445 392 544 445 243,
568 391 638 433 51.
700 392 1041 447 Διονυσόδωρος,
1075 392 1269 450 vulgaris
1293 392 1445 444 forma,
1478 398 1542 432 est
1558 391 1660 433 Del.
1678 393 1720 434 9.

266 458 440 501 Deinde
472 459 838 503 Schneidewinus
876 477 918 518 p.
954 461 1064 503 1514
1101 476 1153 501 ex
1190 460 1383 516 Hesyeh.
1415 459 1611 501 vindob.
1652 459 1720 500 ed.

268 526 464 585 Ropitar.
499 544 543 586 p.
575 527 632 570 20
661 528 828 570 attulit:
864 529 1099 583 ’'Hnepog
1120 540 1130 549 ⁰
1162 552 1216 558 —-
1250 527 1377 579 ὄνομα
1410 526 1568 581 κύριον.
1619 526 1723 568 οὕτω

267 594 520 647 καλουμένην
557 594 700 650 χώραν
729 597 1087 651 Αἰολεῖς”Απερον
1128 594 1374 648 ὠνόμασαν·
1438 594 1538 636 ἀλλὰ
1577 597 1646 635 καὶ
1685 598 1724 635 οἱ

266 663 478 717 Δωριεῖς,
525 663 602 705 uhi
631 662 800 720 corrige
824 664 1062 721 ’Ἀπερρονς
1108 679 1249 721 neque
1291 663 1407 704 enim
1438 671 1554 705 reete
1585 662 1719 705 Schn.

266 731 450 772 solemni
482 730 563 774 ista
593 732 836 788 corruptela
866 732 1097 774 lectionem
1128 731 1316 785 περάτων
1338 732 1437 773 Alc.
1459 730 1513 772 25
1544 729 1722 772 defendi

267 797 388 840 dicit.
453 799 656 841 Ceterum
687 800 929 842 Dorienses
971 798 1202 840 severioris
1243 797 1414 839 dialecti
1438 798 1627 853 ’Ἃπιῑρος
1659 798 1721 839 di-

265 874 419 909 xerunt
447 867 536 910 vid.
571 868 625 908 L.
659 867 702 908 Il
736 869 776 920 ξ.
809 868 886 921 20,
917 866 960 907 6.
1021 866 1246 907 Praeterea
1278 865 1386 905 adde
1416 864 1723 919 Ἐρραφιώ-

264 951 355 982 τας
398 951 477 992 pro
515 933 791 988 Εἰραφιώτης
832 934 945 992 apud
983 933 1197 975 Alcaeum
1239 932 1478 974 secundum
1518 933 1718 975 Aneedd.

262 1001 385 1043 Parr.
418 1001 508 1051 ΙΙΙ,
544 1003 650 1055 121,
682 1002 724 1044 7.

375 1069 500 1125 Pag.
532 1069 588 1112 60
625 1077 736 1112 not.
771 1071 842 1112 41.
920 1070 1117 1127 Cyrillus
1159 1069 1204 1109 in
1245 1068 1447 1111 Aneedd.
1481 1067 1602 1109 Parr.
1638 1067 1719 1122 IV,

263 1137 371 1190 192,
404 1137 457 1179 10
491 1137 711 1180 Eustathii
750 1138 847 1181 loco
890 1138 936 1179 in
977 1139 1106 1180 breve
1147 1144 1366 1179 contracto
1410 1136 1519 1178 male
1557 1129 1722 1177 Alcaeo

261 1205 426 1259 τειρέων
454 1205 622 1247 tribuit.

375 1273 503 1331 Pag.
531 1274 588 1316 64
616 1274 648 1315 l.
673 1273 742 1317 18.
803 1273 986 1316 Rectius
1017 1289 1115 1316 eum
1147 1274 1399 1315 Hermanno
1432 1272 1522 1323 ἔννη
1556 1271 1718 1330 Sapph.

265 1341 358 1383 117·
389 1342 511 1383 verbi
557 1341 657 1393 νέω,
720 1342 935 1384 Lesbiaee
973 1346 1093 1395 νῆμι,
1154 1342 1455 1400 imperfectum
1498 1341 1718 1382 habueris.

262 1408 479 1452 Notabilis
506 1416 614 1451 'tum
660 1417 725 1452 est
767 1410 961 1468 liquidae
1004 1419 1105 1469 post
1147 1417 1421 1466 augmentum
1467 1408 1720 1466 geminatio,

262 1478 392 1535 eujus
421 1477 592 1520 nullum
619 1487 840 1536 praeterea
871 1479 1115 1535 exemplum
1146 1478 1373 1535 reperitur.

375 1546 507 1603 Pag.
541 1546 596 1589 66
626 1546 748 1588 init.
810 1547 939 1589 Adde
969 1548 1124 1599 μέσσος
1154 1547 1198 1587 in
1230 1545 1357 1586 titulo
1379 1543 1510 1585 Delio
1542 1550 1583 1584 et
1602 1543 1721 1584 Aeo-

260 1612 394 1655 licum
432 1615 650 1667 μέσσυι,
699 1615 816 1673 quod
855 1615 1077 1673 Hesyehio
1115 1631 1194 1672 pro
1225 1612 1350 1667 μὲσύΐ
1373 1611 1546 1655 restitui
1576 1611 1719 1653 litera-

260 1697 354 1722 rum
389 1681 526 1724 series
552 1683 696 1739 jubet.

375 1749 503 1808 Pag.
537 1751 592 1793 67
630 1752 661 1794 1,
696 1752 763 1794 13.
824 1751 952 1793 Adde
984 1749 1149 1806 κρύπτοι)
1183 1749 1346 1807 Sapph.
1380 1750 1420 1790 3.

372 1818 497 1875 Pag.
530 1818 586 1860 68
621 1820 652 1861 l.
685 1821 726 1862 3.
787 1819 973 1861 Accedit
1003 1819 1087 1861 ὅττι
1119 1818 1243 1860 Cum.
1278 1818 1403 1860 3523.

373 1887 498 1943 Paga
532 1887 587 1930 69
618 1888 743 1929 init.
804 1888 952 1944 Aegre
992 1887 1117 1928 nobis
1159 1884 1493 1944 persuademus,
1543 1883 1716 1925 eosdem

260 1953 423 1996 Aeoles
469 1955 581 2006 ὅθ’μα
624 1971 702 2012 pro
748 1955 857 2007 ὄμμα
900 1955 1091 2008 dixisse,
1138 1969 1268 2010 quare
1312 1951 1524 2008 llesyehii
1570 1952 1716 2008 glossa

262 2022 496 2074 ὅθματα,
530 2021 713 2075 ὄμματα·
755 2024 936 2075 Αἰολεῖς,
983 2021 1200 2079 quomodo
1232 2019 1350 2060 facili
1384 2035 1486 2060 sane
1517 2019 1717 2060 emenda-

258 2090 376 2132 tione
416 2106 495 2148 pro
539 2091 713 2137 Moza}
760 2090 967 2146 seriptum
1010 2097 1103 2142 est,
1157 2087 1469 2127 dubitationem
1514 2087 1713 2128 admittit.

258 2157 381 2200 Voce
425 2174 531 2200 usus
579 2165 645 2199 est
687 2157 905 2199 Nicander
955 2157 1087 2199 Ther.
1124 2156 1219 2197 178.
1252 2156 1361 2205 443,
1410 2154 1540 2196 Alex.
1576 2155 1629 2197 33
1674 2162 1716 2196 et

258 2229 425 2268 Auctor
455 2225 605 2283 hymni
636 2226 766 2268 Isiaci
797 2226 893 2267 Col.
928 2224 992 2266 {V
1030 2240 1071 2264 v.
1105 2224 1174 2266 20.
1253 2223 1423 2264 Similia
1463 2230 1563 2263 sunt
1598 2223 1716 2263 στέ-

257 2300 464 2348 θματα,
509 2293 559 2335 τὰ
604 2294 806 2347 στέμματα
839 2293 1031 2350 llesych.
1071 2300 1112 2333 et
1154 2290 1370 2345 γράθμα
1410 2306 1488 2347 pro
1528 2289 1710 2344 γράμμα,

258 2363 376 2420 quod
406 2378 505 2404 cum
536 2361 650 2415 ὄθμα
681 2368 1036 2403 commemoratur
1067 2360 1109 2401 in
1142 2359 1261 2400 Ann.
1288 2360 1402 2399 Oxx.
1438 2359 1476 2411 Ι,
1511 2359 1607 2411 102,
1640 2358 1709 2400 30.

371 2431 502 2487 Pag.
535 2430 591 2472 70
634 2430 664 2471 l.
699 2430 767 2471 17.
828 2430 927 2470 Huc
967 2428 1155 2485 pertinet
1200 2428 1376 2480 ἐπίγνοις
1418 2426 1470 2467 C.
1502 2426 1537 2467 I.
1581 2425 1710 2478 2170,

261 2498 297 2539 si
330 2497 506 2555 quidem
546 2497 763 2555 integrum
801 2504 866 2538 est
902 2496 947 2537 in
989 2496 1116 2537 titulo
1156 2495 1280 2536 valde
1323 2494 1491 2536 mutilo.
1582 2494 1710 2536 Certe

258 2566 501 2607 Boeehhius
533 2581 619 2606 non
651 2564 835 2606 debehat
861 2563 1046 2617 ἐπιγνούς
1076 2563 1306 2619 corrigere.

370 2634 495 2688 Paga
530 2634 583 2675 73
628 2633 658 2674 l.
697 2632 762 2673 15.
824 2633 983 2687 Mivppa
1025 2648 1101 2689 pro
1145 2632 1302 2685 σμύρνα
1334 2630 1509 2687 Sappho
1543 2628 1709 2670 dixerat

258 2701 492 2743 secundum
524 2700 723 2741 Anecdd.
757 2701 892 2742 Rem..
934 2701 1033 2749 108,
1066 2701 1134 2741 22.

371 2770 494 2826 l'ng.
528 2769 583 2811 70
613 2776 746 2811 extr.
807 2769 928 2822 Quae
958 2768 1011 2809 de
1041 2768 1210 2822 ὄρηετον
1241 2765 1579 2824 disputavimus,
1617 2779 1704 2807 non
