1779 3079
232 181 333 232 2:34
590 181 665 228 De
699 178 912 228 dialectis
947 179 1305 230 Pseudaeolicis.

232 330 326 376 tur,
369 328 416 362 ut
450 320 664 373 Ἠρακλίἷς
693 317 825 360 Ross.
865 334 930 359 nr.
964 318 1015 372 7,
1060 322 1284 371 Δαμοκλῆς
1323 336 1388 362 nr.
1423 322 1532 364 1512
1561 330 1672 378 etc.;

230 391 277 432 in
331 387 520 445 obliquis
560 386 730 428 casibus
768 402 894 428 voces
937 385 983 426 in
1026 385 1065 440 ἴς
1099 403 1186 429 non
1233 390 1566 445 contrahuntur,
1627 398 1676 433 ut

233 455 514 509 Ξενοφάνεος,
555 455 773 507 Τιμοκλέος
806 455 910 495 1513
942 462 1021 496 etc.

346 524 564 577 Quantum
616 522 750 581 igitur
787 521 983 577 judicare
1026 522 1150 582 licet,
1207 521 1420 566 Arcadica
1463 523 1675 567 dialectus

232 593 317 635 alia
345 591 529 633 habebat
558 606 654 632 cum
684 590 878 631 Doribus
909 596 951 630 ct
978 590 1192 632 Aeolibus
1223 590 1492 644 communia,
1534 600 1582 633 ut
1611 592 1676 634 di-

233 676 423 719 gamma,
466 661 491 700 ἇ
517 675 594 716 pro
625 663 675 713 ἦ,
720 662 751 697 ὦ
781 673 857 714 pro
889 657 958 709 ὄῦ,
999 658 1082 700 alia
1123 659 1328 701 severiori
1355 658 1558 702 Dorismo
1586 662 1677 703 fere

230 728 429 788 propria,
467 728 650 769 maxime
680 741 878 783 asperum
912 740 989 781 pro
1021 726 1157 783 sigma
1187 733 1229 767 et
1256 726 1600 769 terminationem
1625 727 1679 782 ’ᾖξ’

228 813 307 855 pro
327 795 415 849 ἐ’ὖξ,
456 795 539 836 alia
566 810 701 852 paene
731 792 988 849 peculiaria,
1022 800 1069 834 ut
1099 797 1148 833 ἇῦ
1178 794 1223 834 in
1254 794 1458 852 genitivis
1489 795 1676 839 declina-

229 865 363 906 tionis
393 863 569 921 primae.
639 861 763 903 Nihil
792 860 1029 918 reperitur,
1069 862 1184 903 unde
1214 862 1369 903 arctior
1398 877 1493 904 cum
1523 864 1678 906 Aeoli-

229 933 295 974 cis
327 933 521 973 dialectis
560 929 759 988 cognatio
798 936 997 986 appareat
1036 935 1078 970 et
1107 929 1310 971 Straboni
1339 929 1537 973 Arcades
1562 934 1676 975 Aco-

228 1000 312 1043 lice
341 1001 545 1059 loquutos
576 1014 672 1040 esse
702 996 926 1039 affirmanti
955 996 1099 1055 aliqua
1128 996 1235 1039 fides
1265 997 1453 1039 accedat.

874 1154 914 1216 g.
958 1158 1027 1201 54.

453 1252 533 1284 Ile
563 1251 768 1291 reliquis
801 1250 1024 1282 dialectis
1059 1249 1450 1283 Pseudaeolicis.

343 1345 394 1394 1)
439 1342 508 1386 De
538 1342 810 1384 Achaeorum
847 1340 1030 1383 dialecto
1073 1341 1183 1383 nihil
1221 1341 1312 1382 fere
1351 1340 1457 1383 certi
1487 1357 1678 1400 comper-

229 1422 320 1455 tum
350 1413 572 1454 habemus.
652 1411 830 1452 Praeter
858 1425 1016 1466 paucas
1057 1409 1456 1467 grammaticorum,
1496 1412 1679 1452 maxime

231 1480 471 1538 Hcsycbii,
506 1479 698 1537 glossas,
738 1476 852 1518 unde
883 1477 993 1520 nihil
1026 1477 1076 1518 de
1107 1477 1283 1536 linguae
1312 1476 1459 1520 indole
1488 1487 1678 1536 apparet,

231 1550 361 1591 unica
390 1549 479 1590 sere
523 1545 751 1604 inscriptio
785 1545 835 1587 C.
868 1545 903 1586 I.
944 1561 1012 1586 nr.
1048 1546 1155 1587 1542
1188 1552 1410 1603 superest,
1452 1561 1560 1603 quae
1591 1562 1678 1588 non

228 1625 317 1659 tota
353 1615 522 1673 vulgari
565 1615 713 1673 lingua
760 1613 922 1667 utitur,
979 1612 1054 1655 sed
1092 1614 1303 1655 nonnulla
1349 1613 1476 1670 plane
1519 1612 1680 1656 Dorica

228 1685 431 1744 praebet7
464 1683 588 1736 εἶμεν,
623 1682 756 1735 δόμεν,
789 1683 1033 1736 ὃαμιοργῶν.
1094 1681 1152 1722 ΕΙ;
1180 1682 1380 1723 Achaeos
1413 1684 1438 1720 ἆ
1467 1679 1676 1723 Doricum

228 1770 307 1812 pro
346 1751 515 1809 vulgari
561 1758 583 1801 ἦ
621 1750 827 1792 babuisse
867 1757 909 1791 et
945 1748 1221 1805 magistratus
1256 1751 1484 1802 ὁάμιοργῶν
1522 1765 1678 1791 nomen

230 1821 357 1862 etiam
386 1819 560 1861 aliunde
590 1826 737 1860 notum
771 1818 884 1868 (vid.
917 1817 1091 1859 Boeclih
1122 1817 1175 1857 ad
1208 1833 1273 1858 nr.
1306 1817 1331 1858 4
1362 1823 1403 1857 ct
1436 1815 1568 1872 1542)
1610 1817 1679 1858 in·-

231 1888 345 1930 dicat
385 1895 427 1929 ct
457 1887 604 1941 ἀρετᾶς
637 1887 680 1927 in
724 1886 848 1927 titulo
879 1884 1078 1926 Patrensi
1112 1885 1233 1925 1544.
1296 1883 1450 1937 Unde,
1492 1900 1601 1943 quac
1631 1885 1678 1926 in

228 1972 297 1997 111⁸.
335 1956 442 1998 1542
470 1953 613 1995 Attica
644 1954 918 2010 reperiuntur
950 1951 1112 2005 εἰρήνης
1144 1954 1212 1991 καὶ
1244 1950 1346 1991 κατὰ
1375 1955 1448 2005 γῆν
1477 1954 1547 1992 καὶ
1576 1951 1679 1993 κατὰ

227 2023 437 2065 θάλατταν
463 2029 564 2075 ctc.‚
596 2021 648 2062 ab
681 2021 856 2079 antiqua
878 2019 1148 2061 Achaeorum
1180 2019 1362 2062 dialecto
1392 2019 1532 2062 aliena
1563 2036 1677 2069 esse,

228 2091 495 2134 confidenter
525 2089 784 2131 contendere
814 2088 929 2130 licet.
997 2086 1186 2128 Achaeis
1215 2087 1387 2145 propria
1415 2095 1481 2129 cst
1510 2104 1677 2146 correp-

228 2160 291 2202 tio
322 2159 368 2200 in
401 2156 643 2212 ὸάμιοργὸς,
689 2157 741 2199 de
774 2173 855 2214 qua
885 2163 1052 2198 constat
1081 2171 1104 2197 c
1135 2172 1202 2196 nr.
1237 2156 1359 2197 1542.
1394 2156 1516 2198 1543.
1552 2156 1677 2210 1567,

231 2228 334 2270 dum
379 2226 610 2284 scriptores
647 2226 807 2268 Dorica
853 2226 988 2267 forma
1029 2225 1267 2277 δαμωυργοῖ
1313 2229 1386 2264 aut
1439 2223 1679 2279 δημιουργοὶ

228 2303 425 2338 utuntur.
488 2293 689 2336 Ceterum
716 2295 915 2335 Achaeos
945 2291 1103 2334 Dorice
1133 2292 1337 2350 loquutos
1368 2306 1491 2343 esse,
1524 2292 1675 2333 contir-

230 2372 318 2406 mat
346 2362 572 2405 Strabonis
602 2362 895 2403 testimonium
927 2356 986 2416 (ζ.
1022 2360 1040 2402 1
1075 2368 1162 2401 not.
1198 2361 1272 2413 l)3
1305 2366 1444 2400 utrum
1475 2359 1678 2400 Doricam

231 2432 425 2490 linguam
448 2461 461 2484 ,
523 2431 814 2472 invalescente
869 2427 1148 2470 Doricnsium
1203 2444 1278 2485 per
1329 2427 1677 2484 Peloponnesum

231 2499 479 2541 auctoritate
526 2498 746 2556 paullatim
797 2496 1119 2553 adoptaverint,
1174 2511 1282 2553 quac
1330 2501 1395 2536 cst
1451 2493 1678 2535 Strabonis

233 2567 408 2625 opinio,
440 2583 493 2607 an
523 2564 760 2623 antiquitus
792 2565 973 2607 dialecto
1011 2563 1140 2605 simili
1172 2564 1239 2605 usi
1272 2562 1374 2614 sint,
1406 2577 1492 2602 non
1522 2561 1674 2619 liquet.

343 2632 397 2689 2)
446 2634 685 2693 Aliquanto
730 2633 884 2674 melius
929 2639 1093 2673 constat
1131 2631 1183 2673 de
1225 2631 1375 2688 lingua
1417 2628 1674 2680 Locrorum,

233 2701 554 2755 phocensium,
585 2700 865 2753 Aetolorum,
896 2701 1187 2753 Acarnmnnn,
1218 2714 1399 2757 quorum
1429 2695 1674 2754 inscriptio-

233 2785 311 2812 nes
340 2769 453 2812 haud
483 2785 641 2828 paucas
672 2768 905 2822 habemus,
946 2767 1135 2810 nondum
1167 2765 1334 2824 vulgari
1373 2765 1525 2822 lingua
1554 2779 1670 2806 usas.

1760 2708 1779 2802 Ξ

1758 2813 1770 2891 ἵ
