1779 3079
248 173 346 223 560
650 171 879 220 Addenda
914 182 960 220 et
997 172 1312 239 Corrigenda.

248 320 467 355 auctorem
505 320 547 354 et
574 311 734 364 Σήμιον
763 311 1080 354 Atheniensem
1111 310 1161 352 C.
1195 312 1231 353 I.
1278 328 1346 354 nr.
1383 312 1495 368 1383
1554 312 1705 366 Σάμων

248 381 455 440 Epirotae
483 395 642 422 nomen
674 379 788 421 idem
819 385 885 420 est
919 380 1037 438 quod
1067 379 1219 433 Σήμωυ
1247 381 1293 422 in
1325 380 1561 439 Epitaphio
1591 381 1704 423 Atti-

248 466 325 505 (303
386 449 489 491 item
526 448 781 502 Σαμαγόρας
822 447 1044 489 Cretensis
1085 455 1127 489 et
1156 448 1410 502 Σημαγόρας
1445 448 1492 490 in
1531 464 1706 491 nummo

249 517 488 575 Smyrnaeo
517 516 689 558 Mionn.
723 516 815 570 III,
851 516 931 559 198
962 516 1230 573 conspirant.
1318 516 1412 559 Nec
1441 518 1589 559 minus
1617 517 1706 559 Σά-

247 587 428 640 μανδρος
451 585 751 642 Corcyracus,
784 584 950 636 Σαμέας
981 585 1237 626 Himeraeus
1267 585 1382 643 apud
1410 585 1705 640 Phala-idem,

247 653 465 707 Σαμιάόης
495 653 723 707 Rhodius,
768 654 955 705 Σαμίδας
986 653 1223 695 Thebanus
1242 684 1254 706 ,
1297 653 1519 706 Σάμιππος
1547 654 1707 708 Areas,

247 721 515 775 Σαμόθοιιιος
559 720 830 775 Thessalus,
889 720 1086 774 Σαμόλας
1128 722 1330 763 Achaeus
1374 721 1555 779 (quibus
1598 721 1709 764 adde

247 790 502 833 Boeoticum
552 805 710 831 nomen
753 788 940 843 Σάμιχος
995 788 1045 830 C.
1080 789 1115 829 I.
1166 789 1288 831 1574.
1337 790 1460 832 1590.
1506 788 1631 832 1608.
1660 789 1706 840 h,

248 859 383 902 Lcak.
418 858 496 912 37,
529 857 651 899 Curt.
685 858 760 910 8),
794 856 973 898 eandem
1004 855 1255 913 opinionem
1286 857 1555 913 permittunt.
1602 857 1708 899 Val-

249 928 301 969 de
330 927 544 968 incertum
577 932 643 967 est
675 924 885 982 Cyziceni
915 939 1074 966 nomen
1104 923 1296 978 Σάμυλος
1328 925 1380 967 C.
1412 925 1450 966 Ι.
1496 941 1563 966 nr.
1597 925 1710 968 2158

245 996 278 1038 l.
310 995 381 1037 21.

361 1062 489 1118 Pag.
527 1060 609 1103 146
649 1078 724 1103 nr.
756 1061 799 1104 8.
857 1060 926 1104 De
956 1062 1202 1121 Hippoelea
1242 1078 1339 1105 cum
1370 1061 1710 1106 Schneidewino

247 1146 369 1183 meo,
417 1130 494 1188 qui
534 1129 729 1186 singulas
765 1131 910 1188 operis
951 1131 1153 1189 plagulas
1194 1147 1217 1172 a
1248 1132 1469 1188 typotheta
1510 1139 1708 1189 acceptas

247 1199 440 1241 Pindaro
485 1198 763 1256 potissimum
807 1199 1087 1242 consulturus
1132 1199 1440 1258 perlustravit,
1502 1199 1710 1241 acerrime

244 1267 439 1326 pugnavi
471 1274 538 1320 et,
583 1266 685 1308 dum
715 1282 834 1308 meac
868 1267 1106 1309 sententiae
1136 1267 1356 1326 praesidia
1385 1266 1709 1324 circumspicio,

245 1336 292 1378 in
331 1351 379 1377 ea
419 1333 590 1389 incidi,
636 1350 747 1393 quae
790 1350 880 1377 rem
911 1335 1120 1393 ampliore
1153 1335 1459 1394 disquisitione
1489 1335 1712 1378 retractari

242 1403 466 1460 juberent.

360 1472 558 1514 Primum
587 1471 639 1513 de
669 1471 860 1513 nominis
892 1473 1029 1515 forma
1058 1471 1320 1515 videbimus.
1382 1471 1631 1514 Boeckhius
1661 1471 1709 1513 in

247 1539 486 1597 Explicatt.
528 1540 582 1581 ad
611 1540 744 1597 Pyth.
774 1540 820 1582 X
850 1540 1045 1583 diversas
1075 1540 1274 1596 ejusdem
1316 1540 1507 1582 nominis
1549 1540 1710 1582 formas

248 1608 356 1650 dicit
382 1624 478 1650 esse
506 1609 758 1661 Ἱπποκλῆς,
798 1610 1066 1659 Ἴπποκλεής,
1107 1608 1379 1663 Ἱπποκλεάς,
1421 1608 1712 1650 Munckerum

248 1677 302 1719 ad
332 1676 499 1719 Anton.
534 1677 684 1719 Liber.
719 1677 774 1719 34
812 1693 856 1734 p.
890 1678 971 1719 271
1013 1677 1210 1719 laudans.
1300 1676 1361 1718 At
1389 1676 1461 1718 hic
1487 1678 1712 1726 Ἱπποκλῆς

248 1752 290 1787 et
317 1745 563 1794 Ἶπποκλεάς
601 1745 718 1787 idem
749 1761 844 1787 esse
875 1745 999 1788 nullo
1030 1745 1115 1788 alio
1145 1752 1399 1803 argumento
1430 1744 1708 1794 demonstrat,

247 1822 550 1872 praeterquam
581 1814 699 1871 quod
730 1813 906 1856 Scholia
937 1814 1066 1855 Piud.
1101 1814 1231 1871 Pyth.
1265 1813 1332 1854 XI
1364 1820 1472 1854 extr.
1504 1827 1527 1854 e
1559 1812 1709 1870 vulga·

247 1881 287 1923 ri
315 1883 505 1924 lectione
535 1881 795 1939 Iphiclidcm
827 1882 1048 1940 appellant
1077 1880 1145 1922 τὸν
1168 1881 1351 1934 ’[ᾳικλεά
1379 1881 1508 1921 παῖδα
1531 1879 1708 1930 Ἰόλαον,

248 1949 323 1991 ubi
354 1949 448 2006 ipse
480 1950 729 1991 Boeckhius
761 1950 897 1992 edidit
925 1949 1185 2002 Ἰφικλέους,
1219 1965 1352 2006 quum
1384 1948 1430 1988 in
1454 1948 1571 1989 Gott.
1606 1947 1710 1989 scri-

247 2023 367 2074 ptum
402 2017 459 2058 sit
488 2016 558 2058 ‘cdv
580 2017 765 2069 Ἰφικλέα
796 2018 887 2067 ἤτοι
915 2017 986 2059 τὸν
1007 2018 1254 2071 Ἰφικλέους.
1315 2016 1429 2058 Num
1462 2015 1709 2057 Bocckhius

246 2084 492 2133 Ἰπποκλὲας
534 2085 718 2126 dialecto
750 2085 803 2126 ab
832 2086 1074 2134 Ἴπποκλέης
1116 2084 1337 2125 diversum
1378 2083 1707 2139 existimaverit,

250 2168 337 2195 non
370 2152 472 2194 satis
506 2159 695 2210 apparet.
787 2151 1002 2193 Miillerus
1041 2160 1184 2194 tamen
1228 2152 1336 2193 Dor.
1371 2152 1404 2193 I.
1451 2168 1493 2209 p.
1527 2152 1582 2194 90
1620 2168 1709 2194 non

251 2220 464 2263 dubitavit
497 2220 718 2275 Προκλέας
748 2219 953 2261 Doricam
986 2220 1173 2262 nominis
1206 2223 1404 2274 Προκλῆς
1435 2221 1617 2262 formam
1647 2220 1709 2262 di·

251 2304 378 2342 cere,
429 2289 607 2330 Ruhnio
652 2288 959 2345 (Sylburgium
991 2289 1215 2330 nominare
1247 2286 1448 2343 debebat)
1490 2288 1542 2329 ad
1574 2288 1707 2329 Paus.

251 2357 318 2397 ΙΙΙ
340 2387 353 2410 ,
389 2357 409 2397 l
444 2358 651 2399 confisus.
717 2356 980 2413 Sylburgius
1013 2365 1153 2397 autem
1185 2372 1317 2414 quum
1349 2356 1427 2397 illo
1458 2356 1554 2397 loco
1585 2370 1710 2397 accu—

253 2425 435 2466 sativum
471 2425 689 2479 Προκλέαν
719 2441 771 2466 ex
803 2424 988 2466 Aeliano
1020 2424 1137 2465 llist.
1172 2425 1260 2465 An.
1294 2424 1396 2464 XX.
1441 2439 1477 2465 c.
1512 2424 1563 2465 31
1602 2431 1709 2465 attu-

252 2492 407 2545 lisset,
465 2500 614 2550 postea
657 2493 750 2550 ipse
792 2493 845 2533 ad
884 2509 920 2534 c.
958 2492 1007 2533 15
1043 2492 1237 2545 Προκλέα
1278 2491 1489 2544 correxit,
1537 2491 1652 2549 quod
1686 2506 1710 2532 a

254 2560 476 2602 Gronovio
508 2576 530 2601 e
559 2560 677 2602 Med.
712 2569 932 2618 receptum
952 2590 964 2613 ,
1023 2560 1066 2600 in
1097 2559 1410 2601 recentioribus
1443 2559 1710 2601 editionibus

253 2636 383 2670 extat.
472 2629 591 2670 Hace
634 2630 779 2671 sciens
819 2629 1058 2685 volensque
1101 2628 1277 2670 silentio
1321 2628 1709 2686 praetermiseram,

254 2695 372 2754 quod
419 2696 463 2737 in
511 2697 980 2754 praestantissimorum
1025 2697 1246 2737 hominum
1291 2696 1510 2739 erroribus
1553 2695 1711 2754 patefa-

256 2764 424 2807 ciendis
455 2764 539 2806 nisi
572 2765 666 2822 ipsa
697 2781 742 2807 rc
773 2773 954 2823 cogente
985 2764 1239 2808 commorari
1270 2780 1356 2807 uon
1387 2780 1497 2807 amo.
1582 2762 1712 2806 Nunc
