1779 3079
536 193 612 241 Ad
643 194 856 242 Librum
888 193 1178 242 Secundum.
1481 191 1580 241 561

130 327 501 371 commemoranda
532 336 684 384 erant,
734 328 850 386 quod
878 328 1020 370 omnia
1052 343 1162 386 quae
1191 328 1236 371 in
1267 343 1354 370 rem
1386 327 1582 385 proposi-

129 404 215 438 tam
245 397 385 438 facere
408 395 675 449 viderentur,
707 410 940 451 congerere
967 395 1287 438 constituimus.
1320 423 1373 428 —
1403 394 1583 437 Schnei-

131 463 331 506 dewinus
372 463 506 520 igitur
544 471 691 506 noster
726 464 806 504 hoe
845 463 1002 504 lubens
1033 463 1281 516 concessit,
1338 463 1582 510 Ἵπποκλὲας

128 547 217 573 non
246 546 374 589 posse
401 532 539 573 vocali
566 530 726 573 Dorice
755 537 913 571 mutata
944 546 996 572 ex
1016 532 1259 581 Ἴπποκλεής
1288 538 1434 572 natum
1467 545 1582 580 esse,

131 599 208 641 sed
246 615 402 640 nomen
435 597 594 646 Κλεύας
637 597 755 649 (vide
786 596 972 654 Papium
1003 605 1044 639 ct
1073 598 1189 640 Reii.
1222 599 1371 640 Anall.
1413 614 1458 656 p.
1489 598 1583 651 71),

130 666 247 724 quod
277 682 355 724 pro
384 667 517 714 Κλέας
548 672 690 716 esset,
735 679 988 721 comparans
1010 695 1022 718 ,
1078 666 1342 723 peculiarem
1372 666 1585 724 quandam

129 734 318 775 nominis
357 732 656 775 formationem
697 733 888 790 agnovit.
967 731 1084 773 Tum
1124 748 1203 789 ego
1244 734 1387 791 ipsum
1426 748 1586 774 nomen

128 802 264 849 Κλεάς
295 799 598 858 suppeditavi,
651 799 767 857 quod
797 799 969 840 Keilius
998 800 1030 841 l.
1064 799 1096 842 l.
1130 800 1353 842 verissime
1384 801 1429 842 in
1459 801 1586 843 titulo

128 869 346 911 Arcadico
378 885 442 909 nr.
469 868 577 910 ’1513
608 866 796 908 restituit
826 868 976 915 (Κλέας
1014 867 1208 921 Θρασέας)
1237 883 1316 925 pro
1346 869 1587 916 Κλεασθίας

122 935 258 991 ”Εαυ)
291 944 333 978 et
361 936 523 994 Papius
555 951 577 977 e
609 951 783 976 nummo
804 935 952 977 Attico
977 935 1146 976 Mionn.
1171 935 1229 976 II.
1264 951 1308 992 p.
1330 935 1412 977 142
1441 936 1586 989 affert,

131 1005 207 1047 sed
236 1004 392 1061 negavi
421 1020 514 1045 eam
542 1002 889 1045 terminationem
908 1034 920 1057 ‚
978 1018 1088 1060 quae
1127 1002 1171 1044 in
1204 1002 1393 1061 simplici
1423 1018 1587 1044 assum-

128 1081 200 1131 pta
238 1073 295 1114 sit
335 1079 382 1113 ut
419 1072 466 1113 in
504 1072 729 1125 Θρασέας,
780 1072 971 1123 Κρατέας
1013 1077 1055 1111 et
1093 1070 1341 1125 similibus,
1397 1070 1443 1112 in
1474 1085 1587 1112 com·

128 1139 273 1198 posito
305 1140 448 1181 locum
479 1139 649 1180 habere.
733 1137 874 1180 Simul
905 1138 1029 1180 attuli
1058 1136 1376 1192 Ἀριστοκλεάς,
1420 1136 1588 1179 Achaei

129 1224 286 1250 nomen
318 1207 363 1248 in
397 1207 521 1249 titulo
553 1206 677 1248 valde
716 1205 880 1248 recenti
923 1206 974 1248 C.
1008 1206 1043 1247 I.
1090 1222 1156 1247 nr.
1190 1207 1301 1261 812,
1350 1205 1590 1247 Fourmon-

129 1276 258 1318 tianis
298 1282 439 1316 tamen
473 1274 643 1316 schedis
675 1274 859 1315 multum
897 1273 999 1315 fidei
1040 1273 1189 1315 haberi
1229 1289 1316 1315 non
1356 1289 1486 1331 posse
1517 1272 1589 1314 ad-

129 1359 342 1396 monens,
384 1350 425 1384 et
451 1342 689 1394 ‘Ilpau).‹<'a3
729 1341 774 1382 in
814 1341 941 1383 titulo
979 1342 1142 1383 recenti
1171 1342 1320 1383 Attico
1353 1340 1404 1382 C.
1438 1341 1474 1382 I.
1518 1356 1586 1381 nr.

130 1411 227 1453 300.
261 1411 308 1464 I,
344 1411 421 1464 12,
482 1409 599 1467 quod
643 1424 798 1450 nomen
841 1408 997 1451 Portae
1035 1409 1225 1451 versanti
1269 1408 1376 1450 mihi
1417 1408 1588 1450 Reilius

130 1478 424 1532 indicaverat,
476 1493 554 1535 pro
586 1478 666 1518 hoe
697 1476 980 1534 Pouquevilli
1011 1477 1194 1520 schedae
1222 1477 1440 1530 Ἠρακλᾶς
1469 1491 1589 1533 prae-

130 1546 261 1601 bent,
311 1562 437 1604 quam
469 1547 648 1587 formam
681 1561 768 1586 non
797 1544 942 1586 minus
974 1561 1101 1602 quam
1131 1547 1373 1600 ‘Hpauaecig
1403 1543 1591 1585 indicavi

132 1630 186 1657 ex
212 1613 563 1669 “Ηρακλεο’ὃωρος
603 1613 865 1654 decurtatam
897 1613 1038 1669 putari
1071 1628 1231 1670 posse,
1291 1619 1338 1654 ut
1369 1614 1508 1662 Ζηνᾶς
1548 1617 1591 1652 et

130 1685 315 1736 ΣΡΙητρᾶς
346 1689 447 1724 sunt
482 1697 562 1739 pro
593 1680 839 1734 Ζηνόδωρος
869 1688 911 1722 et
939 1680 1232 1735 Μητρόδωρος
1262 1679 1351 1722 vid.
1386 1677 1587 1720 Anecdd.

130 1750 270 1792 Bekk.
302 1766 345 1808 p.
379 1750 476 1792 857.
547 1748 609 1790 At
642 1748 1006 1791 Schneidewinus
1037 1747 1124 1789 illis
1156 1746 1388 1805 praesidiis
1422 1747 1591 1803 Hippo-

133 1817 268 1860 cleam
301 1818 406 1860 satis
436 1816 595 1858 muniri
625 1825 744 1858 ratus
776 1816 957 1874 insuper
987 1815 1086 1857 Car.
1120 1815 1242 1857 Frid.
1276 1813 1519 1856 Hermanni
1550 1819 1592 1854 et

131 1884 395 1938 Leutsclnii,
437 1885 699 1941 collegarum
732 1884 1111 1937 doctissimorum,
1145 1898 1361 1925 consensu
1394 1879 1590 1940 gloriari.

135 1953 221 1995 Cui
252 1969 385 2011 quum
415 1952 563 2009 paullo
595 1952 886 1994 confidentius
917 1952 1180 2008 respondere
1211 1950 1479 2008 coepissem,
1521 1963 1593 1989 ac-

134 2020 272 2074 cidit,
330 2026 378 2061 ut
408 2019 592 2077 epistola
622 2020 814 2062 nondum
845 2019 992 2061 clausa
1026 2019 1320 2072 Πατροκλέας,
1385 2032 1498 2058 unus
1540 2031 1593 2057 ex

134 2088 517 2130 interlocutoribus
558 2087 603 2128 in
644 2089 906 2130 Plutarcheo
946 2086 1120 2143 dIalogo
1152 2086 1206 2128 de
1248 2085 1354 2127 Sera
1384 2083 1591 2126 Numinis

134 2155 369 2208 Vindicta,
425 2155 534 2196 miro
565 2156 751 2213 quodam
782 2172 885 2197 casu
928 2155 1096 2197 oblatus
1137 2153 1309 2195 tandem
1350 2150 1591 2209 graviorem

137 2224 449 2266 dubitationem
479 2223 695 2278 injiceret.
785 2223 895 2265 Nam
929 2239 1061 2281 quum
1093 2220 1387 2262 nominativus
1422 2222 1593 2271 Πατρο-

136 2293 256 2340 κλέας
286 2297 437 2349 quater
467 2289 636 2348 leg-atur
666 2293 706 2344 ξ.
727 2293 764 2333 1.
787 2293 829 2334 2.
851 2291 983 2343 7217,
1027 2288 1247 2331 vocativus
1281 2283 1314 2326 ὦ
1347 2285 1592 2339 Πατροκλέα

135 2360 205 2402 bis
235 2358 277 2412 ξ.
311 2359 352 2400 3.
386 2358 440 2410 8,
493 2357 710 2415 genitivus
743 2358 1034 2413 Πατροκλέους
1066 2355 1199 2398 semel
1239 2354 1280 2407 ξ.
1315 2354 1370 2407 3,
1418 2368 1497 2393 nec
1529 2351 1592 2392 di-

135 2442 288 2470 versus
319 2427 447 2467 homo
477 2425 517 2466 is
548 2440 644 2467 esse
672 2425 894 2475 videatur,
957 2439 1084 2482 quem
1115 2422 1376 2464 Plutarchus
1409 2420 1588 2474 Quaest.

139 2494 290 2552 Symp.
323 2493 441 2545 Vll,
474 2493 528 2544 4,
559 2493 586 2534 2
630 2494 873 2549 Πατροκλέα
914 2490 982 2532 τὸν
1021 2489 1207 2544 γαμβρὸν
1243 2489 1461 2546 appellat,
1506 2485 1592 2543 pri-

137 2577 255 2604 mum
284 2567 488 2618 apparet,
543 2567 703 2600 temere
743 2559 788 2599 in
827 2558 964 2616 prima
994 2558 1097 2599 libri
1127 2557 1395 2615 paragrapho
1425 2554 1592 2610 Xylan-

139 2630 263 2672 drum
292 2628 587 2681 Πατροκλέης,
619 2625 1006 2683 Wyttenbachium
1032 2623 1300 2679 Πατροκλειίς
1331 2639 1383 2664 ex
1413 2620 1592 2677 ingenio

138 2696 451 2755 proposuisse,
512 2711 609 2736 nam
650 2709 806 2735 nomen
841 2691 1134 2746 Πατροκλεύς,
1191 2707 1278 2749 quo
1316 2690 1432 2731 idem
1464 2690 1592 2730 homo

140 2764 277 2806 utitur
316 2764 364 2806 in
392 2764 634 2821 fragmento
665 2761 925 2804 Plutarcheo
959 2758 1081 2801 Stoh.
1117 2759 1257 2801 Serm.
1293 2755 1421 2798 CXX
1440 2784 1452 2808 9
1482 2755 1538 2798 28
1568 2768 1592 2797 e

201 2848 260 2889 II.
1280 2840 1334 2882 36
