1779 3079
228 174 328 223 400
568 179 611 238 ᾗ.
641 178 719 228 47.
793 181 866 227 De
895 180 1123 228 universa
1158 182 1352 229 Doride.

227 310 360 368 longe
405 313 576 369 aberat,
622 315 674 356 ah
714 315 889 373 antiqua
921 316 1183 359 Graecorum
1222 316 1374 374 lingua
1413 318 1487 359 vix
1525 317 1686 371 minus,

229 379 442 423 diversam
473 390 615 424 tamen
648 383 693 424 in
724 391 914 441 partem,
948 386 1147 434 aberant,
1193 400 1320 442 quam
1351 385 1490 427 Attici
1520 385 1688 444 ingenii

228 448 472 492 mobilitate
502 451 715 506 insignes.
788 452 1043 494 Memineris
1075 454 1230 505 etiam,
1277 461 1457 510 quantas
1487 453 1686 495 mutatio-

229 533 309 559 nes
341 518 664 573 Romanorum,
706 536 833 577 quem
863 521 1069 578 populum
1102 521 1175 562 vix
1204 536 1414 562 novorum
1448 521 1689 563 studiosum

232 585 420 640 dixeris,
452 587 605 644 lingua
627 587 824 629 subierit.
889 588 1069 630 Scilicet
1100 589 1143 629 in
1175 589 1353 645 linguae
1375 589 1688 631 mutationibus

228 655 342 698 nihil
378 656 491 697 valet
527 656 786 710 eonsilium,
833 657 950 714 quod
992 658 1131 698 solum
1163 666 1316 714 regnat
1355 658 1402 698 in
1440 657 1615 715 legibus
1647 663 1690 698 et

229 722 444 765 institutis
483 724 721 774 novandis,
769 725 952 765 multum
991 724 1215 781 potestatis
1253 734 1423 767 exercet
1454 726 1500 766 in
1530 740 1686 767 mores.

231 791 406 844 Quibus
436 792 710 849 potissimum
749 791 880 832 rebus
918 792 1015 845 fiat,
1062 799 1109 832 ut
1151 792 1327 849 antiqua
1366 793 1542 851 linguae
1580 791 1690 834 ratio

228 866 303 901 aut
332 859 582 901 immutetur
623 867 695 900 aut
735 866 1038 912 conservetur,
1095 867 1137 900 et
1167 859 1342 902 difficile
1373 869 1439 902 est
1469 861 1522 902 ad
1552 861 1689 918 expli-

229 928 414 969 candum
445 934 487 969 et
517 927 570 968 ab
602 929 683 968 hoe
714 925 810 967 loco
842 927 1048 968 alienum.

341 994 386 1049 2)
446 996 497 1036 In
541 994 792 1036 universum
844 994 1056 1038 Doridem
1107 994 1375 1037 constantiae
1424 994 1471 1035 in
1514 995 1689 1053 antiqua

230 1063 385 1120 lingua
414 1062 565 1116 laude,
601 1062 637 1103 si
668 1079 715 1103 ea
744 1063 840 1104 laus
873 1070 963 1117 est,
998 1079 1084 1104 non
1115 1063 1361 1121 privamus,
1401 1062 1690 1121 antiquiorem

226 1130 504 1188 potissimum
551 1130 760 1172 Doridem
807 1147 905 1172 cum
961 1131 1227 1189 reliquarmn
1281 1131 1562 1173 dialectorum
1613 1147 1690 1188 per

229 1199 411 1240 eandem
454 1206 633 1241 aetatem
677 1199 926 1241 conditione
966 1207 1266 1257 comparatam.
1339 1198 1449 1240 Nam
1479 1199 1690 1241 Doridem

228 1282 251 1307 a
272 1267 408 1324 prima
442 1283 582 1326 usque
603 1267 776 1310 dialecti
801 1267 971 1325 origine
1001 1284 1088 1309 non
1120 1267 1386 1309 immobilem
1417 1275 1459 1308 et
1488 1267 1690 1308 intactam

228 1335 425 1390 stetisse,
470 1336 546 1377 sed
575 1337 713 1379 varias
743 1337 1006 1378 mutationes
1041 1335 1213 1377 subisse
1247 1343 1289 1378 et
1317 1335 1426 1377 ratio
1458 1335 1620 1376 evincit
1649 1342 1691 1376 et

228 1418 357 1461 supra
397 1404 609 1445 monitum
653 1412 717 1446 est
757 1404 799 1457 ξ.
833 1406 882 1458 1,
915 1405 955 1446 3.
1037 1403 1136 1445 Jam
1167 1404 1315 1461 paullo
1356 1403 1596 1444 accuratius
1637 1403 1690 1444 de

226 1471 283 1512 iis
315 1472 629 1514 mutationibus
660 1472 877 1529 agendum
909 1480 1000 1525 est,
1047 1487 1157 1529 quae
1201 1472 1448 1512 universam
1477 1470 1687 1513 Doridem

225 1546 441 1597 tangunt3
475 1541 748 1597 singulorum
774 1541 890 1582 enim
915 1556 1124 1600 generum
1148 1538 1372 1582 historiam
1393 1540 1523 1593 infra,
1555 1554 1689 1598 quan-

226 1615 319 1649 tum
347 1609 477 1663 licet,
512 1608 844 1650 delineabimus.

338 1677 450 1718 Tres
490 1677 671 1719 Doridis
709 1685 870 1718 aetates
913 1677 1184 1734 distinguere
1223 1677 1351 1729 licet,
1405 1675 1691 1733 antiquam

225 1743 439 1787 Doridem
459 1754 557 1787 ante
579 1746 777 1803 quintum
804 1746 895 1787 fere
923 1746 1170 1799 saeculum,
1205 1744 1430 1787 mediam
1461 1759 1539 1801 per
1563 1742 1689 1800 quin·

225 1820 317 1854 tum
349 1821 391 1855 et
421 1821 620 1872 quartum
663 1814 909 1867 saeculum,
956 1820 1238 1855 recentem
1278 1828 1302 1854 a
1343 1810 1487 1870 quarti
1526 1810 1689 1852 saeculi

230 1881 349 1922 exitu
380 1897 520 1939 usque
551 1882 604 1923 ad
634 1882 822 1924 Doricae
854 1882 1028 1923 dialecti
1059 1880 1297 1922 interitum.
1369 1879 1457 1919 Vix
1486 1893 1593 1935 opus
1625 1884 1691 1919 cst

225 1963 426 1997 monere,
461 1965 547 1991 uon
579 1951 724 1991 subito
755 1950 941 2007 quodam
972 1949 1136 2005 impetu
1168 1955 1209 1988 et
1239 1947 1362 2003 quasi
1395 1946 1505 1986 saltu
1536 1945 1581 1986 in
1614 1961 1688 1986 no-

226 2031 323 2058 vam
353 2032 569 2074 quamque
613 2025 794 2059 aetatem
833 2016 1060 2058 transitum
1104 2031 1200 2056 esse
1231 2028 1372 2070 neque
1404 2012 1554 2054 eodem
1584 2020 1688 2054 tem·

225 2099 331 2141 porc
361 2084 413 2125 ab
454 2085 656 2127 omnibus
697 2086 869 2142 populis
901 2083 1101 2132 Dorieis,
1150 2091 1196 2123 ut
1224 2081 1438 2137 Cyrenaei
1478 2088 1577 2137 post
1614 2095 1687 2122 an-

227 2167 332 2193 num
377 2152 721 2195 ducentesimum
767 2169 804 2193 a.
852 2152 954 2192 Chr.
1014 2167 1106 2192 eam
1158 2151 1353 2207 ling-uam
1397 2155 1685 2200 servaverant,

228 2236 355 2276 quam
396 2220 450 2261 ad
487 2221 672 2263 mediam
703 2220 912 2262 Doridem
953 2219 1107 2261 referri
1138 2225 1345 2276 oporteat.
1427 2215 1520 2257 Nec
1550 2214 1689 2271 magis

227 2303 315 2328 uno
348 2288 585 2346 eodemque
611 2298 803 2347 tempore
823 2287 1026 2329 Doricam
1054 2287 1285 2328 dialectum
1305 2284 1552 2341 abrogatam
1574 2298 1687 2336 esse,

231 2371 360 2414 supra
393 2356 620 2399 docuimus
650 2358 691 2410 ξ.
726 2359 774 2406 1,
809 2357 849 2398 3.

342 2424 410 2466 De
456 2424 687 2482 antiqua
724 2423 891 2465 Doride
931 2431 1106 2480 propter
1146 2421 1331 2464 fontium
1362 2419 1586 2479 penuriam
1616 2434 1690 2476 pa-

231 2508 326 2533 rum
367 2500 549 2534 constat.
625 2492 770 2545 Quum
813 2491 927 2532 enim
956 2490 1141 2532 Alcman
1181 2505 1268 2531 non
1303 2489 1358 2531 sit
1388 2503 1493 2546 pura
1524 2486 1692 2528 Doride

232 2575 366 2614 usus,
396 2561 522 2618 pauci
553 2560 698 2613 tituli,
741 2559 814 2616 qui
846 2559 913 2600 vel
947 2558 1264 2615 corruptissimi
1297 2564 1396 2598 sunt
1424 2555 1494 2597 vel
1524 2554 1691 2596 brevis-

233 2628 361 2680 simi,
406 2629 486 2670 soli
519 2628 685 2685 aliquid
713 2627 909 2668 certioris
942 2626 1209 2682 cognitionis
1239 2623 1530 2681 suppeditant.
1604 2621 1693 2663 His

236 2694 420 2736 ducibus
453 2697 655 2753 antiquae
686 2694 843 2737 Doridi
876 2694 1060 2752 primum
1094 2692 1362 2734 vindicamus
1388 2688 1573 2748 psilosin
1605 2688 1693 2730 Le-

234 2762 403 2805 sbiacac
425 2765 610 2806 similem
634 2765 664 2804 i.
685 2779 722 2805 e.
745 2763 902 2821 asperi,
938 2763 1011 2821 qui
1034 2778 1120 2804 non
1147 2777 1169 2803 e
1197 2758 1401 2802 consonis
1423 2756 1694 2815 spirantibus
