1779 3079
527 217 605 267 Ad
639 216 852 266 Librum
890 214 1128 264 Primum.
1464 214 1565 264 505

115 355 311 414 probavit
332 353 501 397 Censor
520 352 906 406 Darmstadiensis‚
937 351 1052 394 haud
1082 350 1211 392 dubie
1240 350 1285 391 in
1316 365 1367 392 eo
1395 349 1563 407 lapsus,

119 423 235 482 quod
267 439 344 480 pro
374 422 531 475 ἄρηος,
587 437 713 478 quam
743 435 891 461 vocem
923 419 1169 476 Hesychius
1202 426 1243 460 et
1273 418 1344 460 Et.
1370 417 1432 459 Μ.
1465 418 1563 471 148,

118 491 171 534 33
202 506 277 548 per
307 490 412 543 ἔρως
441 489 802 545 interpretantur,
852 486 978 539 ἀρτύς
1016 486 1311 544 reponendum
1343 501 1437 529 esse
1468 500 1566 526 cen-

119 566 211 613 setg
256 558 459 599 nimirum
491 556 535 597 in
568 556 638 597 Et.
671 554 734 596 Μ.
778 569 861 595 vox
902 554 954 594 ab
997 554 1194 607 ἁρπάζειν
1233 555 1418 596 ducitur.
1480 553 1565 594 Re-

117 625 308 667 ctissime
345 623 592 666 Meinekius
627 621 841 677 judicavit
879 621 1028 662 Anall.
1067 622 1226 663 Alexx.
1267 637 1310 679 p.
1344 623 1453 675 266,
1499 622 1566 662 in-

118 709 251 750 super
281 692 522 750 suspicatus
553 689 852 746 Hesychianas
885 690 1052 747 glossas
1075 688 1276 744 ”()ρπα,
1317 688 1487 744 Ἐρινύς
1525 697 1567 730 et

118 760 313 813 ὅρπαξ,
346 757 512 813 θρασύς
544 758 689 810 ἄνεμος
717 757 922 799 Aeolicas
962 757 1120 798 formas
1151 757 1299 798 haberi
1328 773 1459 815 posse
1488 773 1567 813 pro

117 828 226 880 ἅρπη
258 834 301 869 ct
330 827 480 882 ἅρπαξ.
550 825 643 867 Νο5
667 825 759 880 jam
790 824 1107 881 intellig-imus,
1154 824 1319 880 ἑρπετόν
1348 827 1422 866 vix
1450 833 1566 867 recte

114 895 167 936 ab
198 897 306 948 ἕρπω
339 893 549 947 derivari,
586 892 692 949 quid
721 892 853 947 enim,
885 892 1002 950 quod
1025 891 1275 934 Simonides
1295 892 1566 950 Amorginus

115 963 171 1003 fr.
204 963 258 1004 12
286 977 378 1002 eam
406 977 556 1004 vocem
588 961 639 1002 de
671 962 872 1002 cantharo
910 961 1084 1003 volante
1121 960 1345 1018 usurpavit
1386 962 1567 1014 (ἑρπεῑον

114 1030 399 1082 παρέπτατογῑ
458 1029 612 1086 Neque
642 1028 755 1085 apud
784 1027 978 1085 reliquos
1012 1027 1280 1085 antiquiores
1302 1027 1489 1079 ἑρπετόν,
1521 1036 1568 1069 ut

113 1098 291 1149 volunt,
338 1103 404 1137 est
444 1096 644 1155 quodque
685 1096 841 1137 animal
882 1095 929 1135 iu
972 1102 1083 1136 terra
1126 1095 1359 1149 incedens,
1407 1095 1483 1137 sed
1515 1096 1567 1138 de

114 1165 339 1223 rapacibus
369 1164 474 1205 feris
507 1172 548 1206 et
591 1163 752 1205 belluis
791 1162 974 1217 dicitur,
1021 1170 1069 1203 nt
1110 1163 1219 1203 solet
1258 1164 1439 1225 θηρίον’
1503 1164 1568 1204 Ita

114 1233 230 1290 apud
273 1233 509 1273 Homerum
552 1231 636 1272 Od.
683 1232 731 1279 ὃ,
763 1229 847 1272 417
891 1231 947 1271 cf.
979 1230 1062 1272 456
1107 1229 1251 1283 ἑρπετά
1292 1230 1569 1272 nominantur

113 1301 209 1354 leo,
242 1300 395 1354 draeo,
428 1315 554 1357 aper,
585 1298 802 1340 Pindarus
833 1298 963 1354 Pyth.
996 1297 1043 1349 I,
1074 1297 1129 1340 25
1159 1298 1416 1356 Typhoeum
1447 1315 1568 1341 mon·-

116 1376 251 1410 strum
282 1367 470 1425 appellat
514 1365 679 1422 ἑρπετόν
722 1373 764 1407 et
802 1368 856 1407 fr.
889 1367 943 1408 73
983 1381 1131 1407 canem
1162 1366 1419 1408 Lacaenam.
1499 1366 1567 1409 Si-

112 1435 312 1478 'monides
343 1435 478 1492 igitur
507 1434 636 1475 talem
660 1435 909 1476 cantharum
933 1433 1238 1492 descripserit,
1270 1435 1421 1492 quales
1447 1444 1568 1477 erant

113 1505 314 1561 ingentes
353 1503 419 1543 illi
452 1502 664 1556 Aetnaei,
715 1501 801 1544 vid.
834 1502 1060 1560 Aristoph.
1095 1503 1198 1543 Pac.
1231 1503 1284 1544 73
1316 1518 1412 1544 cum
1444 1504 1566 1544 scho-

112 1571 202 1613 liis.
276 1570 559 1612 Bet-entiores
600 1569 769 1611 demum
807 1577 980 1626 etymon
1017 1570 1163 1624 vocis,
1209 1570 1325 1627 quod
1363 1586 1566 1628 apparere

111 1638 364 1692 videbatur,
412 1637 610 1696 sequuti,
657 1638 800 1679 onmia
830 1638 1032 1680 animalia
1062 1638 1283 1679 terrestria
1312 1638 1460 1691 ἑρπετά
1490 1654 1568 1680 vo-

112 1708 289 1760 carunt,
338 1722 520 1763 quorum
554 1713 619 1746 est
648 1705 933 1760 Theocritus,
980 1705 1057 1764 qui
1086 1705 1190 1759 XV,
1225 1706 1306 1748 118
1347 1705 1494 1760 ἑρπετά
1525 1713 1567 1747 et

111 1773 283 1824 πετεηνά
322 1773 436 1814 inter
476 1790 520 1814 se
563 1773 766 1830 opponit,
814 1780 888 1815 aut
926 1773 1032 1815 adeo
1072 1788 1218 1814 vocem
1251 1774 1302 1814 de
1334 1774 1566 1832 reptilibus

111 1840 382 1899 interpretati
414 1848 527 1882 sunt.
589 1840 685 1882 Jam
716 1857 816 1883 vero
838 1841 1013 1883 Aeolici
1044 1840 1214 1896 ὄρπετον
1244 1848 1433 1899 potestas
1456 1843 1565 1900 opti-

110 1926 179 1952 me
218 1924 316 1950 cum
355 1908 546 1965 genuino
589 1909 665 1950 illo
708 1924 789 1949 usu
829 1908 1062 1966 conspirat.
1154 1909 1379 1967 Sapphoni
1423 1911 1478 1951 fr.
1510 1911 1566 1953 20

112 1977 225 2018 Eros
257 1984 322 2017 est
355 1975 566 2030 ἀμάχανον
598 1976 771 2028 ὅρπετον
800 1975 832 2017 i.
865 1992 902 2017 e.
937 1975 1066 2017 κακὸν
1093 1979 1269 2031 θηρίον,
1311 1993 1390 2019 nec
1420 1978 1564 2020 minus

112 2044 372 2086 Theocritus
393 2043 568 2096 XXIX,
602 2043 654 2084 '15
688 2044 810 2097 ἄγρια
843 2044 994 2098 ὅρπετα
1024 2045 1136 2085 feras
1167 2053 1209 2086 et
1237 2046 1404 2087 belluas
1437 2046 1563 2100 dixit,

112 2112 263 2169 Itaque
299 2112 391 2166 jam
421 2109 699 2152 concedimus
731 2111 900 2165 ὄρπετον
929 2127 1007 2170 pro
1036 2113 1205 2169 vulgari
1244 2113 1410 2165 ἑρπετόν
1448 2129 1562 2167 esse,

112 2181 172 2221 ita
200 2186 367 2231 tamen,
416 2185 462 2219 ut
498 2179 579 2219 hoc
608 2179 752 2236 ipsum
780 2196 865 2220 non
898 2180 950 2221 ab
983 2183 1091 2234 ἕρπω
1124 2181 1386 2223 descendere
1418 2181 1564 2222 existi-

113 2262 295 2289 memus.
357 2245 509 2302 Neque
539 2261 624 2286 non
655 2247 882 2303 probabile
912 2248 1109 2301 videtur,
1156 2265 1305 2289 vocem
1337 2265 1359 2289 a
1391 2248 1564 2291 Cretico

113 2312 292 2369 (ἑρπετόν
322 2328 408 2353 non
440 2312 654 2354 diversam
684 2321 726 2355 et
747 2331 844 2357 eum
870 2316 1081 2373 reliquis,
1114 2332 1221 2371 qnae
1243 2317 1562 2373 congessimus,

115 2389 342 2439 cognatam
384 2396 508 2433 csse,
555 2380 669 2422 unde
709 2391 751 2425 ct
779 2384 1012 2425 Aeolicum
1043 2400 1063 2424 ο
1097 2390 1138 2423 et
1166 2383 1344 2440 psilosis
1376 2384 1562 2443 expliea-

110 2451 274 2492 tionem
304 2449 478 2490 habent.

223 2517 354 2574 Pag.
387 2517 441 2558 77
472 2517 502 2558 l.
540 2518 608 2560 16.
667 2518 794 2560 Adde
825 2519 992 2576 glossas
1023 2518 1346 2574 Hesyclnianas:
1394 2519 1563 2573 βρόσ-

115 2602 280 2637 σομε-ος
310 2586 418 2642 (leg.
445 2584 724 2638 βρόσσονος),
756 2587 1006 2641 βραχυτέρου
1038 2584 1114 2640 (ita
1135 2587 1287 2639 codex)
1317 2603 1396 2645 pro
1426 2587 1563 2642 βράσ-

117 2669 238 2700 σονος
270 2652 300 2693 i.
336 2668 373 2693 e.
407 2654 653 2707 βραχιόνος;
698 2653 955 2708 κορτερά,
988 2653 1192 2707 κρατερά,
1225 2654 1402 2709 ἰσχυρά,·
1433 2674 1562 2713 μορ..

113 2719 368 2773 νάμενος,
403 2719 630 2774 μαχόμενος
661 2736 738 2777 pro
770 2721 1039 2777 μαρνάμενος.

228 2788 355 2843 Pag.
387 2788 442 2831 78
484 2788 516 2829 l.
552 2789 615 2830 15.
678 2788 824 2842 Quum
865 2789 995 2837 ἄνθος
1033 2789 1234 2831 traditum
1277 2790 1333 2831 sit
1373 2790 1474 2833 Alc.
1507 2794 1561 2835 52
