1779 3079
521 196 563 255 §.
599 196 643 244 4.
716 196 788 242 De
824 193 1008 256 spiritu.
1424 194 1490 243 35

42 331 124 372 hoc
153 329 362 372 Doricum
407 338 604 388 putamus
647 345 723 386 pro
764 331 855 386 διχῇ
899 337 941 370 et
979 334 1118 383 κρυφᾶ
1156 346 1234 388 pro
1275 333 1414 388 κρυφῇ
1449 338 1490 372 et

44 399 129 450 ἁμᾶ
157 414 251 440 eum
289 397 536 439 Herodiano
565 412 643 454 pro
677 398 785 449 ἁμῆ,
819 396 934 454 quod
963 412 1050 437 non
1082 406 1146 439 est
1175 399 1221 440 in
1250 414 1346 440 usu.
1403 398 1489 440 Sed

42 465 156 522 apud
183 465 324 507 Dores
354 467 434 507 hoc
463 464 759 506 adverbiorum
790 480 926 519 genus
956 463 1084 506 latius
1104 466 1287 523 patebat.
1347 466 1489 508 Accu-

42 533 175 574 ratius
216 533 268 574 de
304 534 382 575 hac
422 548 467 574 re
497 539 539 573 et
568 531 619 573 de
649 532 733 573 iota
763 532 829 572 his
860 531 1009 573 formis
1040 532 1350 575 subscribendo
1379 534 1489 575 infra

39 600 294 642 videbimus.

154 669 224 718 12)
282 668 507 708 Postremo
547 675 880 710 consentancum
921 674 1011 721 est,
1073 684 1162 709 cam
1195 675 1396 709 accentus
1427 684 1489 708 ra-

40 735 227 787 tionem,
275 750 400 792 quam
441 734 723 777 recentiorem
755 736 925 777 demum
954 735 1176 777 Atthidem
1207 735 1490 792 assumpsisse

39 809 229 856 constat,
261 819 284 844 a
308 801 472 845 Doride
502 803 683 845 alienam
714 804 865 845 fuisse.
926 805 1075 862 Itaque
1105 804 1218 845 inter
1244 804 1326 845 alia
1351 804 1492 844 Dores

37 886 136 913 cum
167 870 357 912 Homero
389 878 430 912 et
460 871 775 928 antiquioribus
794 872 953 915 Atticis
986 874 1151 925 ὁμοῖος,
1183 874 1366 924 ἑτοῖμος,
1398 873 1489 925 ἐμῆ.

37 956 115 992 μσς
145 938 448 996 pronuntiasse
479 939 657 997 putandi
688 947 815 994 sunt,
876 940 961 981 vid.
996 940 1185 981 Bocckh.
1229 948 1335 982 nott.
1377 938 1492 980 critt-

38 1007 91 1048 ad
129 1006 258 1047 Pind.
301 1023 345 1064 p.
379 1007 485 1060 359,
546 1023 789 1064 quanquam
835 1008 886 1048 de
931 1008 1022 1049 solo
1065 1009 1206 1060 ὁμοῖος
1245 1015 1293 1049 ut
1329 1006 1492 1048 Dorico

41 1073 280 1130 Gregorius
311 1091 355 1132 p.
389 1075 471 1117 318
501 1075 658 1116 diserte
693 1082 887 1116 testatur.
963 1076 1018 1116 Et
1050 1077 1217 1129 ὁμοῖος,
1259 1077 1417 1127 ἑτοῖμος
1447 1074 1491 1114 in

38 1141 217 1183 Pindari
258 1149 299 1183 et
328 1141 551 1183 Theocriti
591 1142 852 1183 carminibus
889 1158 976 1183 non
1007 1143 1100 1183 sine
1132 1143 1255 1183 libris
1286 1143 1492 1200 scriptum

37 1216 128 1264 est7
161 1209 236 1250 sed
266 1209 409 1262 ἔρημοι
440 1209 617 1267 reliquit
646 1209 889 1251 Bocchhius
921 1210 978 1251 N.
1010 1210 1082 1264 X,
1114 1211 1182 1253 72.

150 1278 222 1327 13)
280 1277 399 1319 Haec
430 1278 521 1319 sere
552 1286 676 1331 sunt,
724 1293 832 1334 quac
874 1278 925 1319 dc
952 1278 1114 1320 Dorica
1144 1285 1398 1319 accentuum
1428 1294 1491 1319 ra-

35 1345 152 1387 tione
196 1345 369 1402 cognita
409 1346 614 1387 habemus
659 1348 774 1396 (nam
820 1345 871 1387 de
915 1345 1072 1386 futuris
1113 1345 1341 1387 contractis
1381 1345 1493 1386 infra

36 1414 258 1470 agemus),
316 1429 425 1470 quae
464 1413 600 1455 multo
642 1413 766 1470 plura
806 1421 848 1454 et
887 1413 1148 1454 accuratiora
1179 1419 1347 1467 essent,
1407 1412 1490 1453 nisi

34 1480 252 1522 Arcadius
294 1488 337 1522 et
364 1481 555 1523 Joannes
586 1481 910 1522 Alexandrinus
953 1480 1222 1522 doctissimos
1255 1480 1492 1521 Herodiani

34 1548 171 1590 libros
200 1548 260 1589 ita
289 1549 631 1606 excerpsissent,
679 1556 725 1588 ut
755 1548 897 1589 omnia
926 1549 1015 1590 fere
1045 1549 1097 1589 ad
1129 1548 1332 1589 dialectos
1362 1547 1492 1604 perti-

35 1616 182 1657 nentia
234 1616 494 1657 omitterent.
582 1615 678 1658 Jam
726 1631 826 1656 vero
868 1632 1109 1673 quanquam
1156 1631 1239 1656 una
1285 1614 1491 1671 quaedam

36 1699 203 1725 summa
232 1683 333 1737 lex,
365 1683 505 1740 qualis
534 1683 579 1724 in
610 1683 844 1737 Lesbiam,
876 1699 964 1725 non
995 1683 1130 1740 mag-is
1161 1690 1335 1740 apparet
1365 1698 1490 1739 quam

35 1751 83 1792 in
112 1750 260 1792 Attica
289 1751 458 1806 tonosi,
509 1758 551 1792 et
579 1767 822 1808 quanquam
852 1751 963 1792 haud
991 1767 1150 1808 paucae
1181 1750 1377 1807 singulae
1407 1749 1491 1790 dis-

37 1818 281 1875 crepantiae
325 1834 404 1860 nos
452 1819 584 1860 latere
627 1818 849 1871 videntur,
910 1825 1051 1859 tamen
1093 1835 1200 1876 quae
1247 1817 1488 1869 traduntur,

36 1893 122 1927 tam
151 1885 261 1927 bene
291 1885 405 1927 inter
433 1902 479 1928 se
509 1886 781 1943 conspirant,
817 1893 862 1926 ut
890 1893 932 1926 et
959 1893 1073 1927 recte
1094 1885 1286 1943 praecipi
1309 1892 1351 1926 et
1369 1900 1489 1942 prae-

37 1953 207 2012 cipuam
236 1953 416 1995 Doridis
456 1954 500 1995 in
542 1955 621 1995 hac
652 1969 697 1994 re
727 1952 1032 2010 proprietatem
1065 1952 1285 1995 continere
1318 1952 1489 1994 videan-

36 2029 121 2063 tur.
182 2022 331 2079 ltaque
371 2022 417 2062 in
437 2021 624 2062 Doricae
658 2021 829 2062 dialecti
851 2021 1076 2077 exemplis,
1108 2036 1215 2077 quae
1248 2020 1293 2060 in
1310 2019 1489 2076 Appen-

37 2089 132 2145 dice
162 2089 485 2143 exhibebimus,
523 2088 729 2130 Doricam
760 2087 933 2130 tonosin
954 2088 1193 2146 exprimere
1221 2087 1486 2129 conabimur.

697 2192 737 2253 g.
779 2198 821 2239 4.

615 2288 694 2320 De
725 2290 914 2328 spiritu.

153 2354 197 2407 1)
257 2353 324 2396 De
377 2354 604 2411 spirituum
653 2356 766 2413 apud
812 2356 1050 2398 Dorienses
1104 2354 1269 2397 ratione
1325 2353 1489 2410 antiqui

41 2420 305 2479 grammatici
335 2421 590 2478 paucissima
623 2422 918 2480 praecipiunt,
968 2439 1075 2480 quae
1114 2438 1182 2464 res
1223 2437 1313 2463 eam
1350 2436 1372 2461 a
1400 2420 1490 2462 vul-

41 2489 134 2546 gari
173 2505 255 2530 usu
300 2504 387 2529 non
427 2489 606 2529 multum
650 2489 899 2532 discessisse
931 2491 1087 2548 prodit.
1161 2489 1293 2530 Plura
1336 2504 1387 2528 ex
1417 2503 1487 2527 an—

41 2556 300 2614 tiquioribus
331 2555 467 2596 titulis
495 2555 550 2596 iis
580 2556 743 2598 discere
775 2557 900 2611 licet,
942 2558 1016 2614 qui
1046 2557 1185 2614 asperi
1216 2556 1388 2611 signum
1418 2570 1488 2611 ap-

42 2624 204 2682 pictum
233 2623 417 2676 hahent,
448 2623 676 2680 praecipue
707 2640 729 2665 e
760 2625 916 2666 tabulis
941 2622 1318 2666 Heracleensibus.
1378 2620 1488 2662 Nam

41 2691 200 2750 reliqui
240 2691 334 2746 ejus
377 2690 549 2748 generis
590 2691 704 2731 tituli
749 2698 791 2732 et
829 2692 1046 2734 breviores
1088 2690 1157 2732 vel
1202 2688 1488 2746 corruptiores

42 2766 167 2811 sunt,
227 2774 354 2815 quam
394 2757 470 2816 qui
512 2758 643 2800 multa
683 2759 836 2800 docere
876 2759 1044 2816 possint
1083 2761 1149 2810 (ut
1187 2757 1232 2798 in
1274 2756 1491 2798 Laconico

1179 2842 1229 2883 3.
