1779 3079
438 217 478 277 ᾗ.
511 219 589 268 30.
662 220 735 266 De
769 214 1085 264 declinatione
1120 216 1201 264 III.
1445 217 1544 266 233

93 356 202 400 1800
230 364 272 398 et
298 354 489 409 Σαράπει
518 354 651 396 Phoc.
684 352 735 395 81
770 351 826 393 R.
889 350 1008 392 Idem
1049 352 1096 392 fit
1137 352 1183 393 in
1225 351 1424 394 omnibus
1463 368 1543 395 no-

22 423 23 427 *
91 424 281 466 minibus
321 423 509 481 propriis
548 422 769 472 virorum,
816 434 926 476 quae
965 434 1082 460 more
1113 420 1306 462 Doribus
1338 428 1543 462 consueto

91 493 331 549 longiorem
362 489 705 533 terminationem
737 504 803 534 ιας
833 486 877 527 in
910 503 946 533 ις
977 486 1232 543 corripiunt.
1306 488 1373 530 Eo
1413 488 1545 546 perti·

91 567 196 601 nent
230 557 378 612 ἶΑγις,
439 556 706 599 Laconicum
751 569 908 596 nomen
951 553 1222 596 notissimum
1261 572 1339 612 pro
1379 555 1542 609 Ἀγίας,

97 629 237 675 Φίντις
268 626 397 668 Pind.
427 625 498 666 Ol.
518 625 599 678 Vl,
629 625 791 680 22-pro
829 622 1011 670 Φιντίας,
1044 625 1196 670 Λῦσις,
1228 622 1541 679 Pythagoreus,

90 711 169 753 pro
211 696 398 742 Λυσίας,
447 701 489 734 et
530 691 748 749 genitivus
787 689 952 741 Λύσιος
994 688 1153 745 Cyren.
1187 691 1241 742 2,
1287 692 1427 739 Λεῖιιις
1469 708 1545 749 pro

90 763 286 811 Δεινίας,
321 761 437 802 unde
470 759 580 801 Gen.
606 761 773 806 Δείνιος
802 758 846 799 in
879 756 1117 814 Cyrenaico
1150 757 1274 799 titulo
1304 757 1469 799 minore
1503 767 1545 800 et

89 829 217 870 Pind.
260 828 388 870 Nem.
431 828 564 877 VIII,
611 827 690 880 16,
749 824 949 874 Ἀνάξιος
995 834 1037 867 et
1072 824 1250 873 ’'Aeragw
1296 824 1458 882 Cyren.
1502 827 1543 876 5,

81 896 279 951 ”Aponus
310 905 351 939 et
379 897 505 945 Λέξις
537 896 697 952 Cyren.
731 895 759 936 6
788 892 920 948 (illud
950 894 1077 935 etiam
1107 893 1295 934 Theocr.
1315 893 1418 943 VII,
1451 892 1544 949 99),

89 964 254 1017 Δάμιος
295 964 405 1006 Gen.
450 965 495 1006 in
538 962 779 1021 Cyrenaico
809 962 1000 1010 minore,
1047 961 1201 1009 Κάλλις
1233 961 1382 1002 Herm.
1419 963 1543 1015 1211,

88 1034 240 1080 Nlmoq
279 1033 438 1090 Delph.
476 1032 608 1086 1705,
655 1032 803 1073 Herm.
840 1030 947 1071 1205
989 1037 1030 1071 et
1058 1031 1188 1071 Mum
1230 1030 1379 1071 Herm.
1415 1031 1541 1083 1197,

95 1100 254 1148 Φάνιος
289 1100 404 1142 Cret.
439 1100 576 1153 2557,
608 1099 776 1146 Σώσιος
804 1098 850 1139 in
880 1098 1006 1139 titulo
1037 1097 1225 1139 Acrensi
1257 1105 1299 1139 et
1330 1098 1492 1155 Cyren.
1519 1098 1547 1140 4

90 1176 171 1210 ete.
219 1169 367 1226 Vulgo
399 1168 495 1223 ejus
528 1168 700 1224 generis
732 1166 907 1208 nomina
938 1165 1052 1223 apud
1085 1167 1316 1224 scriptores
1346 1182 1432 1208 non
1456 1167 1547 1210 Do-

87 1235 200 1277 ricos
232 1237 253 1275 ὁ
284 1236 533 1289 asciscunt,
565 1243 612 1276 ut
634 1235 834 1288 ’‘Ayadog,
867 1233 1080 1283 Λύσιδος,
1115 1235 1240 1290 enjus
1270 1235 1443 1292 generis
1466 1236 1546 1277 Νί-

87 1305 201 1351 maog
230 1303 391 1359 legitur
419 1304 572 1345 Herm.
610 1303 732 1346 1210.
808 1302 1036 1355 Ceterum,
1081 1302 1125 1343 id
1157 1303 1273 1361 quod
1305 1302 1444 1344 obiter
1472 1303 1545 1344 ad-

86 1379 309 1421 notamus,
359 1372 469 1414 male
501 1371 627 1425 ''Aycg
665 1387 761 1413 cnm
793 1379 916 1413 acuto
948 1370 1153 1428 scriptum
1187 1379 1251 1412 est
1280 1371 1392 1428 apud
1424 1371 1545 1412 Thu-

86 1440 284 1497 cydidem
314 1439 372 1494 V,
405 1441 486 1494 24,
534 1439 608 1481 ubi
649 1447 764 1481 recte
794 1439 1026 1481 Goellerus
1065 1439 1389 1480 circumflexum
1420 1441 1545 1481 resti-

85 1508 166 1550 tuit
207 1511 385 1560 (temere
416 1509 627 1566 Poppone
659 1505 857 1564 judice),
904 1507 1043 1556 Λύσις
1083 1507 1198 1564 apud
1227 1507 1363 1563 Diog.
1397 1508 1543 1549 Laert.

84 1576 222 1630 VIII,
253 1578 309 1619 42
350 1584 393 1617 et
424 1577 487 1618 sic
522 1591 663 1634 saepe.
708 1602 763 1608 —-
821 1576 873 1617 In
904 1575 1186 1617 substantivis
1216 1575 1491 1632 appellativis
1525 1577 1549 1616 ὃ

85 1644 313 1697 retinetur,
345 1651 393 1685 ut
412 1646 703 1698 πενταετηρίδα
720 1644 913 1696 HeracL,
946 1645 1179 1696 τριέτηρίδα
1197 1642 1542 1697 R110d.2525‚b,

88 1710 263 1759 ἀσπίδος
303 1712 464 1770 Amph.
502 1712 638 1761 1688,
696 1712 981 1768 Epicharmea
1034 1713 1251 1765 κουρίδες,
1312 1713 1541 1762 σκιαθίδες,

86 1780 297 1833 θυννίδες,
348 1781 542 1835 σμαρίδες
572 1789 684 1833 etc.,
731 1796 810 1821 nec
851 1788 967 1822 recte
1009 1779 1275 1837 grammatici
1319 1779 1370 1820 de
1412 1779 1544 1821 diale-

86 1846 168 1889 ctis
190 1846 226 1902 3)
257 1846 315 1888 ita
343 1848 644 1905 praecipiunt,
676 1856 724 1889 ut
754 1850 779 1888 ὃ
804 1848 965 1905 ubique
996 1849 1181 1904 ejectum
1213 1862 1308 1889 esse
1329 1847 1541 1889 videatur.

84 1914 136 1956 In
176 1914 402 1970 adjectivis
443 1931 541 1956 eum
581 1915 699 1964 πόλις
740 1916 993 1974 compositis
1032 1916 1105 1957 vix
1145 1932 1334 1973 unquam
1375 1932 1542 1958 assum-

84 1989 204 2040 ptum
235 1990 326 2037 est,
368 1991 415 2024 ut
450 1983 739 2036 μεγαλοπόλιες
770 1992 834 2027 est
864 1984 977 2043 apud
1009 1983 1269 2036 Pindarum,
1318 1983 1542 2026 nominum

32 2088 35 2091 .
85 2049 356 2108 propriorum
388 2051 602 2106 genitivos
632 2051 865 2100 Ἰσοπόλιος
897 2060 939 2094 et
969 2051 1292 2105 Ἀριστοπόλιος
1323 2067 1453 2109 supra
1483 2060 1542 2093 at-

86 2117 280 2159 tulimus.
360 2117 584 2173 Ceterum,
631 2127 895 2178 quantopere
937 2122 1112 2162 nomina
1142 2119 1315 2178 propria
1347 2120 1400 2160 ad
1430 2121 1539 2162 hanc

86 2184 391 2227 declinationis
421 2186 631 2229 rationem
671 2188 1004 2241 inclinaverint,
1049 2188 1233 2229 maxime
1265 2187 1391 2229 docet
1421 2188 1541 2246 geni-

86 2251 201 2294 tivus
230 2251 498 2302 Λευκάσπιος
528 2253 687 2311 Cyren.
721 2256 772 2311 6,
806 2273 938 2315 quum
970 2255 1094 2304 ἀσπίς
1127 2258 1151 2295 ὃ
1177 2256 1372 2297 retineat.

196 2318 245 2374 6)
304 2319 490 2362 Nomina
519 2322 563 2363 in
599 2340 644 2371 ος
675 2330 716 2365 et
745 2341 795 2374 ης
825 2324 958 2377 (Gen.
982 2322 1066 2380 ξος)
1099 2324 1145 2365 in
1176 2324 1352 2382 antiqua
1373 2323 1539 2364 Doride

87 2387 422 2430 contractionem
452 2404 539 2430 non
569 2390 815 2448 patiuntur,
861 2400 1160 2450 praeterquam
1199 2391 1244 2432 in
1277 2391 1417 2432 dativo
1451 2390 1538 2431 sin-

86 2455 256 2512 gulari,
312 2457 426 2509 θέρει
467 2457 639 2515 quidem
683 2459 872 2501 iambum
909 2461 1038 2501 efficit
1077 2459 1189 2517 apud
1230 2459 1535 2516 Epicharmum

85 2524 136 2564 fr.
171 2523 239 2565 34.
301 2523 587 2581 Reliquorum
627 2542 804 2569 casuum
846 2529 1043 2585 exempla
1085 2535 1210 2569 sunt:
1270 2527 1539 2578 Δεινομένεος

87 2591 131 2631 in
166 2591 286 2648 galea
316 2590 524 2634 Hieronis
555 2592 607 2634 C.
641 2594 660 2635 I
691 2611 756 2636 nr.
792 2595 869 2650 16,
905 2596 1074 2644 σκότεος
1106 2594 1263 2652 Sophr.
1297 2595 1367 2648 79,
1398 2594 1538 2647 μέλεος

132 2747 167 2786 3)
216 2746 250 2780 J.
279 2745 344 2779 Gr.
370 2746 506 2789 242,b,
541 2745 606 2780 Gr.
631 2745 672 2779 C.
699 2748 788 2789 311,
814 2747 964 2781 Meerm.
992 2748 1080 2788 656,
1108 2745 1227 2781 vatic.
1255 2747 1343 2787 693,
1370 2746 1432 2788 qui
1461 2745 1536 2778 Ho-

89 2801 262 2837 mericum
288 2803 420 2851 Πάριος
445 2811 646 2849 apponunt.
