1779 3079
229 226 328 275 260
708 228 782 273 De
809 225 1187 289 pronominibus.

231 361 268 402 si
299 361 471 419 quando
503 360 553 402 de
586 361 776 418 syllabae
807 362 1041 420 quantitate
1071 377 1220 418 parum
1251 368 1444 416 constat,
1478 370 1526 404 ut
1557 363 1673 404 Cret.

229 429 363 483 2555,
410 428 566 486 Sophr.
600 430 670 472 50.
703 431 782 483 51,
828 438 870 471 et
908 430 1019 487 apud
1056 429 1352 471 Theocritum.
1422 430 1678 472 Diudorfius

230 496 416 553 Lysistr.
439 497 561 539 1163.
584 498 692 540 1298
724 499 815 550 ἁμῖν
845 497 1004 547 edidit,
1038 498 1212 539 ultimae
1242 513 1442 539 mensura
1474 498 1675 556 ancipite.

230 563 349 617 Quid
379 564 423 605 in
454 566 532 606 hac
562 581 608 607 rc
632 565 916 620 judicandum
945 565 1016 618 sit,
1047 565 1090 605 in
1116 565 1325 623 proximis
1351 566 1675 623 patefaciemus.

344 647 488 688 pers.
521 633 561 675 2.
624 634 743 684 ὑμῖν
789 634 829 673 ἐν
873 632 987 688 ὀρθῇ
1024 631 1139 672 τάσει,
1179 640 1220 674 et
1260 632 1380 685 ὗμιν
1419 634 1464 674 in
1503 632 1676 687 enclisi,

229 707 456 758 utrumque
499 716 595 742 cum
644 700 793 742 ultima
838 701 958 741 brevi
1005 700 1241 742 secuudum
1285 701 1570 757 Apollonium
1600 700 1677 755 33),

227 768 303 824 qui
334 768 454 810 illius
485 768 727 824 exemplum
759 767 914 825 Sophr.
941 768 995 810 82
1026 767 1229 824 apponit,
1261 770 1390 825 hujus
1423 767 1578 825 Sophr.
1605 770 1675 812 81.

226 834 335 876 Nam
367 851 458 877 eam
491 835 757 893 grammatici
787 843 972 877 mentem
999 851 1096 877 esse
1120 837 1300 878 sormam
1327 836 1680 889 ὁρθοτονουμένην

227 919 250 943 e
270 902 494 960 Sophrone
525 903 769 954 afferentis,
801 918 880 943 nec
912 910 1025 944 recte
1054 904 1146 955 ὑμῖν
1176 903 1338 943 editum
1370 919 1480 956 esse,
1512 913 1679 960 praeter

209 971 498 1027 'pronominis
531 972 623 1023 ἁμῖν
653 970 894 1028 analogiam
926 970 971 1011 id
997 971 1142 1028 ipsum
1172 971 1399 1028 patefacit,
1445 972 1559 1028 quod
1589 973 1679 1014 Do-

226 1038 305 1079 rici
337 1038 562 1095 scriptoris
594 1038 839 1096 exemplum
870 1054 1084 1095 apponere
1113 1038 1315 1093 dignatus
1347 1046 1437 1091 est,
1489 1038 1532 1079 id
1563 1040 1680 1096 quod

226 1105 298 1146 vix
330 1105 520 1147 facturus
552 1113 641 1147 erat
672 1106 717 1146 in
748 1106 916 1162 vulgari
949 1107 1084 1147 forma
1115 1107 1222 1158 ὑμῖν.
1285 1107 1334 1147 In
1360 1106 1530 1147 Cretico
1552 1107 1680 1149 titulo

226 1188 291 1213 nr.
324 1173 449 1222 2557,
481 1175 535 1215 25
566 1190 659 1226 υμεν
690 1174 896 1226 traditur,
944 1174 1061 1230 quod
1092 1173 1336 1216 Boechhius
1378 1175 1451 1215 vix
1489 1182 1604 1216 recte
1633 1175 1679 1216 in

225 1241 336 1292 ὑμεῖν
374 1241 586 1295 mutavit,
632 1257 763 1298 quum
803 1243 908 1283 hacc
938 1241 1236 1283 recentissima
1269 1241 1504 1298 scripturae
1535 1258 1680 1284 corru-

225 1308 338 1364 ptela
369 1308 420 1349 ab
454 1309 548 1363 ejus
578 1309 695 1351 tituli
725 1316 860 1351 aetate
891 1308 1030 1350 aliena
1062 1309 1143 1363 sitq,
1174 1309 1320 1367 potius
1350 1310 1440 1360 ὗμίν
1462 1310 1679 1367 corrigen-

226 1375 326 1417 dum
365 1375 549 1417 videtur.
601 1404 653 1409 —
711 1376 807 1418 Jam
847 1384 977 1418 restat
1018 1385 1063 1417 ut
1102 1377 1153 1418 de
1193 1378 1369 1418 ultimae
1409 1377 1600 1434 syllabae
1632 1377 1677 1418 in

225 1444 594 1486 orthotonumenis
628 1445 720 1496 ἁμίν
751 1451 793 1486 et
822 1446 913 1497 ὑμίν
952 1446 1188 1501 quantitate
1218 1453 1259 1486 et
1289 1452 1465 1486 accentu
1498 1445 1679 1487 certiora

225 1511 554 1553 constituamus.
631 1512 726 1553 Hoc
757 1520 959 1569 apparet,
1002 1512 1097 1554 fieri
1135 1512 1355 1570 potuisse,
1401 1520 1446 1553 ut
1477 1520 1518 1554 ct
1547 1513 1679 1553 corri-

224 1586 396 1635 peretur
426 1587 467 1620 et
496 1588 751 1634 acueretur,
801 1580 946 1622 minus
977 1588 1144 1622 constat
1173 1580 1225 1621 de
1256 1580 1432 1622 ultimae
1461 1580 1679 1636 producti·

225 1662 333 1699 one,
379 1663 514 1704 quum
548 1656 589 1689 et
617 1648 933 1705 Aristophanes
975 1655 1016 1689 et
1045 1648 1304 1689 Theocritus
1347 1664 1437 1689 cam
1468 1648 1678 1689 rationem

224 1713 349 1755 facile
381 1729 403 1755 c
436 1716 606 1772 vulgari
637 1715 787 1773 lingua
817 1716 1031 1758 asciscere
1061 1718 1294 1773 potuerint.
1357 1715 1443 1758 Sed
1464 1716 1679 1773 genuinae

224 1796 396 1838 quoque
428 1782 585 1825 Doridi
616 1799 708 1825 eam
748 1783 956 1837 licuisse,
1001 1799 1023 1825 e
1062 1782 1349 1841 genitivorum
1391 1783 1678 1841 singularium

225 1849 309 1899 ἐμίν
353 1858 393 1890 et
440 1852 497 1890 τίν
541 1851 737 1907 analogia
784 1851 1058 1909 colligimus,
1120 1866 1304 1908 quorum
1347 1851 1676 1908 productionem

223 1914 484 1958 Theocritus
515 1934 537 1959 e
571 1919 740 1977 vulgari
772 1919 921 1975 lingua
950 1919 1181 1960 transferre
1213 1934 1297 1959 non
1329 1925 1508 1974 poterat.
1571 1917 1677 1959 Utut

224 1991 287 2023 est
306 2013 318 2035 ,
361 1985 494 2041 vulgo
525 1987 732 2042 syllabam
764 1994 1002 2043 correptam
1034 2001 1128 2027 esse
1160 1993 1201 2026 ct
1228 1985 1456 2042 Apollonii
1487 1985 1676 2042 reliquo—

224 2066 406 2108 rumque
451 2052 582 2093 altum
630 2053 681 2094 de
721 2053 1004 2110 productione
1045 2052 1267 2093 silentium
1298 2052 1459 2093 evincit
1489 2060 1529 2093 et
1560 2054 1675 2110 quod

224 2118 509 2174 correptionis
543 2120 585 2159 in
620 2120 710 2171 ἁμίν
742 2127 783 2161 ct
815 2121 906 2171 ὑμίν
937 2120 987 2160 ab
1009 2119 1246 2176 Apollonio
1277 2135 1324 2160 ca
1359 2120 1552 2177 exempla
1578 2136 1676 2178 pro-

224 2193 466 2241 ponuntur,
513 2186 556 2226 in
598 2187 757 2243 quibus
798 2187 1013 2244 quantitas
1055 2203 1139 2229 uon
1171 2203 1295 2228 versu
1326 2196 1551 2244 appareat,
1596 2188 1675 2229 Al—

223 2253 463 2294 cmanicum
506 2254 558 2294 fr.
593 2254 643 2295 61
678 2253 768 2305 (75)
813 2255 905 2305 ἁμῖν
946 2254 987 2294 ῥ’
1029 2255 1250 2304 ὑπαυλήσει
1292 2262 1333 2296 et
1372 2255 1676 2312 Sophroncum

224 2320 276 2360 sr.
311 2321 365 2363 8⁸2
406 2321 629 2378 scriptoris
669 2321 858 2379 pedestri
906 2323 1098 2363 oratione
1143 2322 1225 2363 usi.
1304 2322 1454 2380 ltaque
1496 2323 1590 2375 ἆμίν
1634 2331 1676 2365 et

224 2389 312 2439 ὑμῖν
345 2389 386 2429 in
419 2388 594 2431 Doricis
624 2389 839 2430 edendum
870 2397 957 2442 est,
1004 2390 1254 2447 ubicunque
1300 2389 1352 2431 (le
1396 2389 1546 2431 ultima
1575 2406 1673 2448 pro-

224 2455 347 2497 ducta
383 2473 468 2499 non
491 2464 670 2499 constat.
733 2458 792 2497 At
824 2473 877 2498 ne
909 2458 1158 2513 productam
1189 2457 1363 2514 quidem
1396 2458 1675 2500 circumflecti

267 2634 326 2671 323)
380 2633 551 2676 Apollon.
585 2635 657 2669 12⁴1.
688 2635 728 2667 Β.
780 2636 886 2667 πάλιν
914 2649 985 2680 παρ
1025 2638 1113 2670 Ἴωσι
1139 2642 1420 2684 neoris-gamana
1445 2639 1670 2683 ἕγκλινοιιένη,

223 2689 315 2721 καθὸ
343 2692 510 2724 συστέλλει
538 2691 576 2725 τὸ
601 2696 637 2724 Τ·
688 2694 741 2725 καὶ
769 2694 816 2725 ἔτι
842 2694 940 2739 παρὰ
968 2696 1174 2738 Αωριεῖσιν·
1213 2695 1334 2734 ὅσαις
1366 2691 1464 2734 ι’-Αιιιν
1489 2696 1671 2729 αἰνέσω·

223 2745 385 2791 Σώφρων.
437 2752 488 2781 καὶ
515 2750 548 2782 ἐν
572 2750 664 2797 ὀρθῇ
690 2750 804 2783 τάσει·
837 2749 885 2782 σι’·
912 2752 994 2789 fuir
1019 2765 1085 2784 τοι
1111 2755 1261 2796 δίφρον
1290 2755 1339 2787 ἐπ
1355 2769 1372 2798 ’i
1386 2770 1403 2785 ιι
1416 2756 1543 2793 μένον
1574 2752 1674 2794 ι”μῖν

221 2804 305 2843 Ηυξ.
335 2803 433 2843 Esar).
