1779 3079
393 157 436 217 ᾗ.
465 157 542 206 42.
588 158 663 204 De
688 155 1024 220 conjugatione
1049 156 1283 204 anomala.
1464 156 1564 206 345

115 291 214 331 εἰκει
241 296 313 332 aut
340 289 535 345 συμφέρει
562 288 835 332 scribendum
866 304 960 331 esse
990 296 1178 346 apparet.
1238 287 1333 330 Jam
1358 303 1458 330 vero
1483 290 1564 331 hoc

62 410 63 414 Ἰ
115 358 293 400 verbum
335 359 505 399 συνείκει
543 373 655 400 novo
685 372 767 397 usu
798 371 875 413 pro
917 357 1113 412 συμφέρει
1155 356 1343 413 positum
1383 356 1436 397 ad
1479 357 1564 406 ἥκω

113 427 184 468 vel
225 430 298 466 ἵκω
337 425 552 483 pertinere
593 423 741 466 Latini
778 423 1046 465 convenit
1086 425 1345 480 comparatio
1386 424 1563 478 evincit,

114 510 256 551 neque
288 493 467 543 καθήκει
499 500 540 534 et
556 491 755 544 προςήκει
783 491 906 532 valde
937 490 1192 532 dissimilem
1213 499 1464 548 potestatem
1494 493 1565 533 ha-

113 561 200 602 bet.
246 562 396 618 Itaque
425 560 470 602 in
502 559 690 618 genuina
718 558 883 600 Doride
914 573 936 598 e
966 557 1110 598 radice
1137 559 1215 598 ‘JK
1243 575 1448 615 praesens
1468 564 1565 600 εἵκω

115 629 275 670 factum
305 636 393 682 est,
438 635 485 668 ut
514 628 634 667 λείπω
664 633 706 668 et
733 628 866 667 πείθω
896 642 919 667 e
950 629 1071 666 AJH
1097 632 1139 667 et
1171 630 1296 667 ΠῘΘ.
1337 651 1389 655 —
1435 628 1567 669 Futu-

112 713 207 738 rum
247 697 362 744 ἱξεῖτε
402 702 467 736 est
495 695 686 736 Aeharn.
719 694 830 748 7083
875 694 991 735 Perf.
1036 698 1236 743 ἵκαντι,
1281 698 1416 735 ἵκουσι
1454 695 1567 751 apud

112 763 379 820 Hesychium
411 778 498 803 non
530 761 820 819 spernendum
863 769 955 815 est3
1000 762 1147 803 neseio
1187 761 1301 802 enim
1341 777 1393 802 an
1427 778 1567 819 gram-

113 831 295 872 maticus
328 830 374 871 in
396 830 514 870 Ann.
541 830 654 871 Oxx.
675 829 713 882 I,
733 830 832 883 212,
854 830 911 872 27
938 845 1142 885 praesens
1174 829 1261 879 ἥκω
1292 836 1406 870 recte
1431 846 1453 870 e
1471 845 1566 886 per-

111 899 224 940 fecto
255 905 402 939 natum
426 897 705 953 judicaverit.
739 922 792 927 -—
835 896 1077 952 Subjeetivi
1104 898 1212 938 Aor.
1232 896 1274 937 II
1305 905 1372 938 est
1401 896 1565 948 ἱκόμαν.

227 967 393 1018 ἴσαμι.
455 965 602 1019 Hujus
650 963 772 1005 verbi
813 964 972 1005 Doridi
1020 964 1255 1022 peculiaris
1276 968 1338 1015 ⁷),
1387 965 1503 1022 quod
1543 981 1566 1006 e

113 1034 295 1091 perfecti
327 1032 417 1075 οἷὸα
450 1033 570 1074 tertia
600 1033 760 1090 plurali
793 1033 931 1087 ἴσασι,
963 1033 1070 1073 Dor.
1095 1034 1230 1073 ἴσαντι
1260 1041 1301 1075 et
1319 1033 1568 1090 plusquam-

113 1101 294 1160 perfecti
323 1102 416 1142 ἴσαν
443 1101 686 1157 pullulasse
716 1099 914 1154 videtur,
964 1102 1068 1142 haee
1108 1099 1416 1142 inclinamenta
1446 1116 1568 1157 repe-

113 1170 309 1211 riuntur:

213 1236 353 1278 Indie.
377 1234 491 1292 sing.
516 1237 556 1277 1.
589 1236 706 1288 ἴσαμι
727 1236 762 1286 7)
794 1235 951 1293 Epich.
984 1236 1039 1278 98
1079 1251 1132 1277 ex
1162 1234 1459 1277 emendatione
1490 1251 1570 1277 no-

647 1311 750 1355 stra,
773 1303 902 1344 Pind.
918 1303 968 1344 P.
985 1303 1066 1357 IV,
1080 1304 1177 1357 148,
1205 1303 1453 1356 Theoer.V,
1471 1303 1566 1345 119.

509 1372 552 1414 2.
587 1371 698 1419 ἴσαις
737 1372 807 1413 vel
848 1372 941 1423 ἵσᾳς
972 1371 1158 1414 Theoer.
1191 1371 1319 1423 XIV,
1352 1372 1433 1425 34,
1478 1370 1566 1412 vid.

647 1442 687 1492 ξ.
721 1440 799 1491 39,
834 1440 873 1480 1.

511 1507 551 1548 3.
586 1507 695 1547 kim
724 1506 895 1561 Brutt.,
929 1507 1118 1548 Theocr.
1151 1507 1254 1557 XV,
1288 1508 1386 1550 146.

375 1575 487 1632 plur.
514 1575 554 1616 1.
589 1575 729 1627 ἴσᾶμεν
758 1575 889 1616 Pind.
923 1575 979 1617 N.
1015 1575 1126 1628 Vll,
1161 1576 1213 1617 14
1252 1575 1409 1633 (magis
1438 1574 1569 1616 Dori-

641 1657 739 1683 eum
770 1650 885 1684 esset
913 1644 1089 1694 ἴσαμες).

512 1711 552 1752 2.
587 1711 699 1750 ἴσατε
729 1709 774 1750 in
797 1709 1025 1751 Periandri
1056 1710 1237 1767 epistola
1262 1709 1396 1768 Diog.
1419 1709 1565 1751 Laert.

646 1777 693 1830 Ι,
724 1777 796 1819 99.

514 1845 555 1887 3.
589 1845 719 1885 ἴσαντι
735 1845 893 1902 Epieh.
911 1844 983 1898 26,
1015 1845 1202 1887 Theocr.
1223 1846 1328 1899 XV,
1349 1845 1421 1899 64,
1453 1845 1569 1904 quod

646 1928 784 1970 aequo
809 1913 911 1968 jure
942 1913 995 1954 ad
1026 1913 1119 1955 οἶδα
1148 1914 1258 1955 trahi
1288 1920 1445 1971 potest.

228 1979 459 2034 Conjunct.
491 1979 606 2036 plur.
641 1980 681 2022 3.
716 1982 848 2020 ἰσᾶντι
881 1980 998 2022 Cret.
1032 1981 1157 2023 3053.

228 2047 392 2088 Infinit.
426 2046 595 2099 ἰσάμεν,
628 2064 754 2105 quam
785 2048 965 2090 formam
996 2048 1245 2105 colligimus
1272 2065 1325 2090 ex
1355 2049 1568 2106 Hesychii

118 2113 267 2170 glossa
304 2113 614 2169 γισάμεναι,
655 2116 825 2169 εἰδέναι,
869 2133 996 2173 quam
1026 2117 1395 2174 interpretamenti
1423 2119 1567 2158 termi-

117 2182 291 2223 natione
323 2181 455 2223 ascita
485 2199 507 2223 e
534 2182 715 2235 Γισάμεν
745 2192 986 2241 corruptam
1017 2193 1242 2242 putamus,
1275 2186 1331 2226 cf.
1365 2185 1406 2237 ξ.
1430 2185 1501 2237 39,
1523 2185 1564 2226 5.

229 2249 432 2290 Partie.
475 2251 567 2298 ἴσας
588 2249 622 2307 7)
663 2258 705 2293 et
744 2267 842 2294 cum
879 2253 1183 2295 terminatione
1213 2252 1426 2294 Lesbiaca
1457 2254 1568 2301 ἴσαις

186 2384 221 2421 7)
280 2380 446 2426 Hesych.
486 2381 599 2422 ἴσαμι,
636 2382 841 2423 ἐπίσταμαι·
879 2382 1100 2428 Συρακόσιοι.
1157 2383 1338 2417 Doricum
1374 2383 1516 2418 dicitur
1545 2396 1567 2419 a

117 2438 300 2473 Choerob.
328 2439 365 2471 in
393 2439 535 2472 Theod.
565 2441 651 2481 894,
679 2442 721 2474 27
749 2441 856 2483 (Ann.
885 2442 984 2474 Oxx.
1011 2442 1080 2481 IV,
1110 2443 1197 2480 390,
1223 2441 1283 2476 Et.
1310 2441 1361 2474 M.
1390 2443 1477 2484 476,
1506 2444 1566 2485 29)

118 2495 181 2531 ubi
207 2495 358 2529 additur
384 2496 544 2530 Theocr.
573 2496 624 2539 V,
655 2499 740 2538 119,
767 2498 902 2532 deinde
928 2499 1043 2533 Drac.
1069 2501 1135 2540 49,
1165 2501 1228 2540 17,
1254 2499 1312 2531 Et.
1340 2499 1391 2532 M.
1420 2501 1483 2541 43,
1513 2503 1565 2535 ll.

118 2573 161 2578 —
209 2554 336 2597 Apoll.
372 2553 418 2587 de
444 2554 526 2587 adv.
554 2556 634 2596 587,
661 2556 692 2589 S.
742 2557 808 2589 ἔδει
844 2550 904 2589 οὖν
938 2557 995 2589 καὶ
1029 2555 1127 2602 παρὰ
1163 2555 1203 2590 τὸ
1235 2557 1364 2596 ἴσαμι
1392 2555 1433 2591 τὸ
1467 2557 1565 2597 ἰσάς

117 2622 220 2653 εἶναι·
257 2619 337 2653 ἀλλ’
371 2621 444 2654 ἐπεὶ
475 2619 570 2659 ἅπαξ
604 2622 640 2655 αἱ
672 2622 716 2660 εἷς
746 2635 806 2662 σας
836 2624 1003 2669 λήγουσαι
1033 2625 1178 2665 μετοχαὶ
1207 2623 1438 2669 βαρύνονται,
1475 2629 1522 2670 τῷ
1545 2630 1565 2661 ’ἱ

118 2677 417 2725 παραληγόμεναι,
457 2680 613 2722 γεμίσας,
650 2679 806 2722 λεπίσας,
850 2683 1030 2723 λακτίσας,
1071 2682 1289 2729 συνεξέδραμε
1324 2683 1382 2717 καὶ
1411 2681 1433 2728 ἡ
1468 2685 1564 2722 ἴσας

115 2739 184 2774 τοῖς
205 2735 383 2775 τοιούτοις.
