1779 3079
237 181 336 231 524
638 181 863 230 Addenda
895 192 939 229 et
975 182 1285 247 Corrigenda.

237 314 370 357 nimia
400 314 738 358 inconcinnitate
768 316 994 371 laborent,
1036 316 1372 374 transpositione
1402 315 1607 358 utendum
1637 323 1679 358 ct

236 390 373 424 totum
412 383 700 439 fragmentum
740 383 782 424 in
831 385 939 427 hanc
976 385 1184 428 rationem
1230 384 1542 427 restituendum
1585 398 1678 426 esse

236 451 517 493 arbitramur:

437 517 598 560 Πώνειν
627 520 698 571 μὲν
730 520 827 573 ἁμὲς·
856 523 925 561 καὶ
956 522 1096 575 φαγεῖν
1124 519 1214 574 μέγ’
1247 519 1433 575 ἀνδρικοὶ

439 590 508 627 καὶ
539 588 799 640 καρτερεῖμεν
827 590 933 630 τοίδε
972 590 1179 641 Θηβαῖοι·
1213 588 1336 642 λέγειν

436 657 506 695 καὶ
531 654 659 709 μικρὰ
690 655 863 709 φαγέμεν
891 658 977 704 τοῖς
1006 656 1246 706 Ἀθηναίοις
1275 657 1386 709 με’τα.

346 721 443 764 Jam
472 724 671 781 reliqua,
722 723 912 782 exceptis
943 724 1192 766 nominibus
1222 724 1489 780 gentilibus,
1543 723 1681 765 Boeo-

236 789 410 832 tismum
439 791 587 848 paullo
617 791 905 850 antiquiorem
936 799 1129 832 accurate
1159 793 1376 847 referunt3
1420 802 1567 834 contra
1596 792 1681 833 La-

237 858 431 900 conicam
453 859 680 902 dialectum
701 866 870 915 praeter
887 857 1035 899 πώνειν
1056 866 1285 916 peccarent
1305 858 1509 901 infinitivi
1539 860 1584 900 in
1613 876 1682 912 μεν

237 935 462 968 exeuntes.
549 925 761 967 infinitivi
803 926 959 984 partim
1003 926 1047 967 in
1081 942 1138 967 ειν
1168 927 1372 968 desinunt
1401 933 1448 968 nt
1476 928 1683 981 θερίδδειν

236 994 351 1051 apud
395 994 732 1051 Aristophanem
759 1024 772 1046 ,
830 993 984 1051 partim
1028 993 1075 1035 in
1118 1011 1187 1046 μεν
1230 1002 1278 1036 ut
1320 994 1528 1048 κριδδέμεν
1572 994 1685 1051 apud

238 1061 521 1115 Strattidem3
581 1063 838 1116 καρτερεῖμεν
867 1069 939 1103 aut
977 1077 1000 1102 c
1038 1063 1301 1118 uayzepff'uev
1330 1063 1488 1104 factum
1519 1069 1585 1104 est
1613 1069 1687 1104 aut

238 1129 592 1186 conjugationem
621 1129 667 1170 in
697 1147 742 1182 μι
772 1129 983 1188 sequitur.
1064 1130 1234 1172 Censor
1264 1130 1437 1188 quidem
1466 1130 1686 1172 Darmsta-

237 1196 406 1239 diensis
447 1197 708 1255 vituperavit
746 1213 851 1247 nos,
904 1198 1021 1255 quod
1058 1200 1261 1252 θερίδδειν
1296 1198 1551 1241 Boeoticum
1589 1214 1685 1240 esse

236 1265 572 1307 credidissemus
590 1297 602 1319 ,
634 1273 675 1307 et
703 1267 890 1318 θερίδδιν
922 1266 1104 1308 dialecto
1134 1266 1345 1324 postulari
1374 1266 1683 1324 pronuntiavit.

238 1332 419 1375 Scilicet
447 1350 534 1376 non
564 1333 809 1387 intellexit,
870 1351 979 1392 quae
1011 1335 1115 1377 satis
1148 1342 1293 1392 aperte
1322 1334 1539 1377 indicasse
1568 1334 1685 1376 vide-

236 1401 418 1456 bamur,
478 1402 576 1444 ideo
614 1402 867 1444 Boeoticum
906 1418 1001 1444 esse
1037 1404 1269 1458 θερίδδειν,
1331 1403 1446 1460 quod
1476 1402 1685 1444 Doricum

237 1470 545 1521 (Laconicum)
585 1479 698 1512 esset
736 1472 950 1521 θερίδδην.
1037 1470 1190 1513 Boeoti
1227 1470 1340 1512 enim
1371 1470 1686 1529 diphthongum

238 1554 300 1587 ει,
334 1554 443 1596 quae
474 1547 539 1581 cst
567 1538 613 1580 in
643 1538 814 1596 vulgari
842 1538 1020 1597 lingua,
1062 1555 1148 1581 non
1178 1545 1343 1580 mutant
1372 1540 1418 1580 in
1449 1557 1464 1580 ι
1493 1539 1569 1581 sed
1600 1555 1686 1581 ser-

238 1614 362 1655 vant,
396 1623 528 1664 quum
558 1607 604 1648 in
636 1607 848 1649 severiore
878 1607 1044 1650 Doride
1074 1627 1099 1658 η
1132 1616 1197 1651 est
1225 1607 1310 1650 vid.
1328 1607 1383 1649 L.
1404 1607 1426 1648 Ι
1455 1623 1499 1665 p.
1520 1608 1685 1650 185.—

237 1674 386 1715 Tertia
426 1675 606 1731 pluralis
646 1676 866 1732 praeteriti
902 1676 1124 1733 vulgarem
1163 1675 1508 1718 terminationem
1549 1684 1688 1718 servat

237 1742 283 1783 in
315 1743 583 1796 ἐστρυτεύαον
613 1743 747 1785 Leak.
779 1761 845 1786 nr.
869 1744 940 1797 37,
978 1744 1065 1786 nisi
1095 1759 1143 1785 ca
1173 1761 1256 1786 vox
1286 1751 1482 1801 corrupta
1512 1752 1592 1785 est.

348 1812 477 1869 Pag.
511 1811 594 1854 :210
633 1828 706 1853 nr.
739 1813 780 1854 3.
843 1812 1025 1870 Insigne
1056 1812 1299 1869 exemplum
1330 1811 1453 1854 verbi
1484 1812 1691 1854 contracti

238 1880 591 1937 conjugationem
631 1879 675 1921 in
708 1898 751 1932 μι
783 1880 955 1938 sequuti
985 1896 1099 1922 nunc
1132 1880 1272 1921 detexi
1303 1880 1347 1920 iu
1379 1880 1597 1921 Corinnae
1624 1880 1689 1921 lo-

239 1963 312 2000 co,
346 1963 473 2005 quem
493 1947 856 1990 Schneidewinus
887 1965 1007 1990 meus
1038 1948 1143 1989 mihi
1173 1947 1395 1988 indicavit.
1444 1947 1495 1988 In
1519 1946 1686 1988 Scholl.

239 2014 356 2056 Vict.
386 2015 516 2056 Hom.
552 2015 603 2055 ll.
650 2033 697 2069 ρ,
734 2017 814 2058 197
843 2016 895 2057 ad
928 2032 1074 2058 vocem
1104 2014 1234 2070 γηράς
1263 2016 1367 2055 hacc
1398 2014 1684 2056 adnotantur:

239 2085 308 2124 καῖ
350 2081 394 2123 κ’
442 2082 572 2137 ὦρινα
627 2082 920 2132 (Schneidew.
964 2082 1169 2134 Κόριννα)
1215 2085 1447 2136 βροντᾶς
1491 2081 1575 2122 ἀντὶ
1618 2086 1689 2124 τοῦ

239 2149 488 2205 βροντήσας.
578 2149 693 2193 Male
736 2150 964 2192 scholiasta
1005 2165 1151 2191 vocem
1194 2166 1215 2191 c
1256 2149 1488 2203 βροντήσας
1528 2150 1687 2192 sactum

242 2227 388 2276 putat,
422 2225 469 2259 ut
498 2218 627 2271 γηράς
661 2235 683 2260 c
710 2218 899 2272 γηράσας
931 2218 975 2258 ἰη
1007 2217 1135 2259 breve
1166 2225 1429 2259 contractum
1460 2225 1688 2275 putarunt;

240 2287 386 2346 potius
417 2286 594 2341 βροντάς
624 2303 646 2327 a
676 2285 877 2340 [affluam
908 2286 1148 2327 ducendum
1184 2294 1264 2327 est.

353 2355 475 2410 Pag.
509 2354 592 2396 210
636 2355 665 2396 l.
702 2355 767 2397 18.
833 2354 962 2396 Cens.
995 2354 1186 2395 Damnst.
1220 2362 1333 2395 rcctc
1365 2353 1530 2394 monuit
1559 2353 1688 2409 vulgo

244 2422 493 2474 ἁδικειμείνος
534 2422 699 2475 scribi,
750 2431 795 2463 ut
835 2422 889 2463 sit
929 2422 1182 2479 pei-sectum.
1269 2421 1509 2476 Elmslcjus
1549 2428 1689 2461 tamen

242 2492 409 2532 numeri
453 2506 580 2532 eausa
623 2506 827 2547 praescus
870 2488 1117 2540 ἀδικείμενος
1157 2488 1390 2546 praetulit,
1454 2488 1568 2546 quod
1601 2504 1686 2529 non

242 2566 307 2601 est
337 2574 413 2600 cur
443 2558 494 2599 ab
527 2558 848 2614 antiquioribus
882 2557 1055 2599 Boeotis
1086 2558 1397 2612 abjudicemus.

354 2653 406 2658 —
457 2634 561 2668 not.
596 2628 635 2667 3.
706 2626 776 2666 Ad
811 2625 1039 2666 Aeolicum
1073 2625 1229 2666 idioma
1259 2626 1505 2666 reseruntur
1536 2624 1690 2676 ἐμάθο-

247 2711 350 2748 σιιν,
407 2696 568 2736 εἴδοσαν
615 2703 656 2736 ct
700 2694 858 2735 similia
904 2710 926 2733 a
961 2692 1244 2735 Grammatico
1283 2692 1394 2751 apud
1426 2691 1686 2749 Pcyroninin

245 2771 339 2819 post
371 2763 514 2819 Etym.
549 2763 701 2804 (Drion.
735 2779 777 2820 p.
812 2763 907 2803 241.
