1779 3079
539 175 577 234 ᾗ.
625 177 702 239 19.
772 178 844 223 De
876 199 903 223 α
940 196 1026 240 pro
1065 201 1101 235 η.
1457 185 1550 234 129

100 328 153 355 ex
192 311 259 353 his
298 311 491 354 fontibus
537 312 812 366 docebimus,
858 312 932 353 ubi
961 314 1094 356 Doris
1136 333 1160 356 α
1200 333 1279 375 pro
1316 319 1480 377 vulgari
1524 341 1545 371 η

98 379 316 438 posuerit,
360 386 507 421 eontra
537 380 610 421 ubi
641 398 666 430 η
697 379 909 433 tenuerit,
954 397 1006 422 cx
1040 382 1106 423 his
1138 376 1423 441 carminibus,
1464 404 1547 446 qua

99 454 200 489 sunt
246 447 313 489 vcl
358 446 633 488 dialectorum
675 445 879 487 mixtione
933 448 1001 489 vel
1042 448 1250 492 librorum
1292 454 1400 496 mala
1445 455 1544 511 fide,

97 515 206 557 disci
236 530 322 556 uon
351 520 506 572 potest.

210 584 262 631 2)⁴
314 582 364 622 In
398 580 644 623 universum
673 580 782 621 hane
811 580 950 637 legem
981 582 1240 625 constituere
1271 585 1397 629 lieet:
1439 589 1545 631 Do·

97 651 309 692 rienscs
356 664 469 689 cum
507 646 776 689 Aeolihus
824 647 1046 706 longum
1088 668 1113 690 α
1148 651 1409 695 habuisse
1447 673 1545 714 pro

97 717 286 760 lonico
327 734 376 765 η,
423 715 566 772 quod
605 731 666 756 ex
698 732 723 754 α
752 722 933 757 natum
963 726 1126 759 esset.
1198 719 1302 760 Eam
1331 722 1489 765 vocalis
1519 744 1544 775 -η

95 784 305 841 originem
337 788 523 840 apertam
552 781 710 823 habent
741 780 921 840 ideoque
951 783 996 824 in
1027 784 1192 827 Doride
1224 794 1249 826 ἇ
1276 788 1514 844 postulant:

178 855 218 901 a)
276 849 597 892 terminationes
628 848 925 891 declinationis
958 851 1119 908 primae
1140 854 1202 905 3),
1243 854 1367 909 cujus
1398 857 1544 914 singu-

94 919 195 962 laris
226 918 269 959 in
299 919 413 958 hunc
444 917 614 958 modum
645 917 861 973 procedit:
908 918 1026 973 πύλᾶ,
1059 920 1205 969 namq,
1236 921 1357 976 πύλᾳ,
1389 923 1542 979 πὺλαν,

94 991 254 1041 μοῦσα,
311 985 495 1038 μούσας,
553 982 688 1036 μούσᾳ
712 1014 724 1036 ,
785 988 975 1041 μοῦσαν,
1038 985 1279 1043 Ἀτρείδας,
1331 989 1542 1047 Ἀτρείὸᾳ,

94 1056 326 1110 Ἀτρείδην.

178 1123 222 1172 1))
281 1121 484 1179 princeps
527 1121 690 1178 syllaba
735 1122 778 1162 in
823 1121 1061 1179 praeteritis
1101 1123 1356 1178 verborum,
1402 1127 1476 1168 uhi
1519 1146 1541 1177 η

92 1196 320 1248 augmento
351 1204 401 1229 ex
434 1206 458 1228 α
492 1196 637 1230 natum
666 1196 758 1243 est,
792 1195 837 1229 ut
869 1188 1052 1243 α’ρχέμαν
1072 1191 1135 1243 5),
1170 1187 1267 1244 ἆγον
1287 1192 1359 1233 Et.
1382 1192 1444 1234 M.
1474 1194 1540 1247 1⁸2,

92 1260 176 1313 42,
224 1255 458 1309 ἀναγγειλαν
489 1256 651 1314 Delph.
687 1256 821 1309 1693,
882 1257 1033 1308 ἅκμαζε
1065 1256 1181 1299 Cret.
1216 1259 1350 1311 2563,
1407 1260 1543 1308 ἇξιύυν

94 1327 192 1368 Aet.
225 1325 335 1367 3046
356 1325 415 1377 4),
465 1320 611 1373 ἆκται,
646 1324 787 1378 ἅχθω,
823 1322 989 1377 α’γμένος
1020 1340 1146 1382 saepe
1176 1325 1287 1382 apud
1316 1326 1540 1370 Archime-

92 1396 202 1437 dem.
264 1392 371 1433 ltem
401 1391 444 1431 in
476 1390 754 1448 diphthongis
787 1409 811 1431 α
841 1399 1058 1445 servatur,
1090 1399 1136 1432 ut
1164 1392 1366 1443 ἐπαύξησε
1395 1393 1537 1436 Rhod.

90 1461 227 1515 2525,
257 1460 310 1514 h,
354 1459 549 1508 ἐπαινὲθη
584 1458 718 1512 ibid.,
752 1460 897 1512 αἱρέθη
928 1460 1084 1516 Astyp.
1118 1460 1228 1502 2483
1258 1459 1360 1509 (vid.
1393 1461 1434 1514 ξ.
1466 1463 1538 1515 25,

90 1531 132 1573 4.
166 1531 234 1583 c),
287 1528 499 1567 διαίτασαν
540 1525 737 1583 Calynm.
778 1526 918 1580 2671,
970 1526 1188 1568 Boeclzhio
1234 1534 1373 1568 tamen
1417 1529 1539 1570 dubi-

90 1603 231 1649 tante,
277 1610 328 1635 an
372 1593 529 1634 rectius
572 1594 749 1645 ἐπᾳνέθη
789 1593 1061 1634 scribendum
1101 1594 1171 1635 sit.
1243 1595 1457 1636 Pindarus
1497 1604 1539 1637 et

93 1664 254 1705 αὕὸασα
283 1660 411 1702 habet
438 1659 495 1701 N.
528 1659 598 1713 X,
630 1660 699 1702 80.
734 1663 767 1701 I.
801 1661 860 1714 V,
893 1661 946 1704 39
976 1662 1053 1713 (cf.
1091 1660 1329 1702 Stesichori
1356 1662 1535 1712 ποταύὸη

91 1732 135 1772 in
164 1730 283 1771 Anu.
320 1728 432 1769 ΟΧΧ.
466 1728 511 1779 I,
546 1728 648 1781 191,
680 1728 751 1779 32)
791 1736 832 1769 et
862 1728 1021 1785 ubique
1051 1730 1314 1783 καιαίσχυνὸ,
1347 1731 1537 1778 καταίνη-

94 1816 168 1839 σαν
199 1804 280 1839 ete.
312 1795 397 1837 vid.
430 1794 620 1836 Boeckh.
652 1794 771 1836 Nott.
807 1795 932 1836 Critt.
967 1794 1018 1835 ad
1049 1794 1121 1835 Ol.
1152 1794 1245 1849 XI,
1277 1797 1328 1848 3,
1369 1795 1411 1836 in
1443 1797 1535 1853 qui-

91 1866 171 1908 bus
201 1862 445 1906 Boeckhius
477 1862 528 1903 ad
558 1862 610 1903 P.
631 1862 712 1916 IV,
746 1863 801 1905 40
829 1862 1045 1920 propriam
1076 1861 1388 1919 diphthongum
1419 1879 1536 1920 prae-

89 1935 232 1976 ferens
276 1936 549 1987 augmentum
592 1929 760 1987 poetice
805 1930 1009 1971 omissum
1053 1930 1294 1971 existimare
1338 1929 1533 1984 videtur,

93 2002 164 2044 vix
192 2006 322 2041 reete.
383 1997 515 2038 Plura
544 1997 629 2039 vid.
663 1996 703 2050 ξ.
737 1997 815 2051 36,
846 1999 873 2039 8
903 2004 944 2039 et
973 1998 1013 2050 ξ.
1048 1996 1127 2049 35,
1158 1998 1199 2039 2.

174 2068 214 2119 c)
274 2064 414 2107 omnia
443 2065 697 2118 verborum,
742 2080 922 2122 quorum
956 2063 1084 2121 stirps
1116 2064 1160 2104 in
1193 2082 1216 2105 α
1247 2064 1360 2118 exit,
1405 2065 1533 2106 decli-

92 2141 311 2186 namenta,
358 2139 404 2172 ut
434 2131 551 2181 ἔστα,
585 2134 852 2185 μεμναιιιὲνος,
886 2134 1066 2184 τιμᾶ-ται,
1128 2132 1289 2172 Eodem
1319 2133 1534 2189 pertinent

91 2201 321 2244 nonnullae
366 2199 547 2257 stirpes,
593 2216 700 2257 quae
739 2199 1043 2256 transpositum
1076 2216 1100 2238 α
1130 2198 1174 2238 in
1205 2199 1331 2239 linem
1361 2215 1532 2257 aecepe-

91 2277 220 2322 runt,
267 2274 312 2307 ut
350 2282 372 2307 a
403 2272 511 2320 θαν,
555 2272 640 2307 θνα
671 2268 745 2318 (cf.
778 2268 1001 2319 ἰε’θναμεν,
1043 2267 1251 2318 τεθναίην)
1290 2266 1533 2308 derivantur

91 2336 293 2388 θνάσκει),
323 2334 526 2385 umam,
558 2350 580 2374 a
612 2352 713 2388 ταμ,
744 2352 821 2388 τμα
840 2333 1079 2392 frequentia
1098 2332 1210 2391 apud
1229 2333 1529 2374 Archimedem

136 2576 173 2615 3)
220 2571 363 2607 Theod.
390 2569 514 2604 Bekk.
541 2571 625 2608 993,
651 2568 833 2603 Choerob.
860 2570 982 2604 Bekk.
1013 2571 1117 2610 1366,
1145 2570 1239 2603 Αιιη,
1266 2569 1364 2603 Oxx.
1395 2569 1425 2611 Ι,
1454 2571 1528 2607 118,

94 2633 134 2672 7,
160 2631 206 2664 de
230 2633 274 2673 γᾶ
301 2628 437 2663 Herod.
464 2639 501 2662 π.
526 2642 560 2667 μ.
583 2625 612 2659 λ.
640 2628 683 2668 6,
711 2628 761 2660 14.

137 2688 172 2724 4)
220 2687 302 2721 Non
330 2686 487 2719 debebat
510 2683 726 2718 Boeckhius
748 2682 935 2717 Chishulli
965 2681 1076 2726 ἠξίουν
1102 2684 1286 2728 recipere,
1312 2693 1421 2725 quum
1439 2683 1527 2716 Hes-

94 2743 177 2777 selii
202 2742 315 2778 oia'omr
339 2742 532 2787 genuinam
559 2740 777 2785 scripturam
803 2747 1027 2773 monstraret.

150 2818 206 2860 11.
1245 2812 1271 2853 9
