1779 3079
547 194 622 242 Ad
659 194 872 242 Librum
906 193 1197 242 Secundum.
1498 191 1596 241 555

148 331 194 372 in
223 330 349 372 titulo
381 329 473 372 Coo
503 329 632 372 Ross.
667 330 725 371 II.
758 344 825 369 nr.
857 328 967 383 1753
1014 328 1263 381 Ἀρτεμίτιος
1293 327 1338 370 in
1370 327 1596 370 Calaurea-

145 398 232 440 tico
264 398 377 456 Exp.
410 398 522 440 Mor.

263 467 386 522 Pag.
421 466 476 509 70
517 467 548 508 l.
583 466 624 508 7.
684 464 793 520 Leg.
827 463 866 517 ξ.
901 465 979 517 39,
1014 465 1052 507 5.

260 545 327 586 Pa
342 562 385 603 g.
417 545 487 587 73.
547 544 634 585 Pro
675 543 848 597 μέσωρ
870 573 881 595 ,
931 544 1056 595 μέσος
1086 545 1279 602 Hesych.
1302 575 1315 598 ,
1362 543 1437 585 ubi
1469 543 1596 596 με’σορ

148 612 284 656 scribi
319 613 578 669 jusserunt,
637 610 859 652 literarum
898 611 1048 652 ordine
1090 612 1220 655 simul
1260 611 1459 654 restituto
1499 611 1598 669 lege

148 681 458 736 με’σσωρος,
497 679 651 731 μέσος,
703 694 890 735 quocum
931 679 1131 720 conferas
1175 681 1365 738 glossam
1405 679 1598 737 proxime

146 748 472 790 antecedentem
503 748 693 800 μέσωρον
723 747 829 804 (leg.
864 744 1100 800 μὲσσωροιν)
1121 781 1131 796 ,
1180 747 1318 798 μέσον.
1395 747 1598 789 Ceterum

146 831 196 858 ca
225 832 308 858 vox
338 832 425 858 non
457 823 550 868 est,
584 815 700 872 quod
731 814 1055 865 existimarunt,
1089 831 1111 856 e
1141 815 1264 867 μέσος
1293 822 1335 856 et
1362 815 1452 870 ὥρα
1482 830 1599 856 com-

144 884 314 942 posita,
363 884 438 926 sed
469 899 491 925 e
521 884 646 937 μέσος
677 890 718 924 et
746 883 845 937 ὅρος
873 899 951 940 pro
983 884 1176 939 με’σορος.

258 964 381 1020 Pag.
414 963 468 1005 73
511 978 586 1004 nr.
620 963 660 1004 3.
734 961 865 1003 Plura
909 962 1040 1018 hujus
1083 962 1258 1018 generis
1305 960 1420 1020 apud
1459 960 1598 1018 Hesy-

146 1032 290 1073 chium
320 1032 482 1084 latent,
524 1037 571 1072 ut

258 1101 420 1153 μίρμα
462 1100 526 1139 ἐπὶ
564 1101 637 1140 τοῦ
668 1101 921 1146 κακοπινοῦς
962 1100 1032 1139 καὶ
1063 1101 1254 1153 ῥυπαροῦ
1294 1100 1365 1138 καὶ
1395 1100 1598 1150 πονηροῦ.

145 1167 245 1210 Vox
283 1175 356 1209 aut
395 1183 419 1209 e
458 1168 617 1221 μιάρμα
651 1168 681 1208 i.
717 1182 755 1208 e.
789 1167 947 1219 μίασμα
977 1174 1176 1224 corrupta
1215 1173 1286 1207 aut
1324 1166 1419 1208 sine
1451 1181 1602 1208 corru—

143 1236 259 1293 ptela
298 1251 376 1292 per
407 1237 742 1277 contractionem
775 1234 989 1292 quandam
1030 1251 1107 1292 pro
1147 1236 1305 1287 μίασμα
1346 1234 1486 1291 posita
1517 1240 1598 1275 est.

146 1303 386 1361 Cognatam
418 1303 607 1360 glossam
637 1305 820 1356 μίρτου
834 1308 951 1353 λον,
994 1304 1115 1356 μῖσος
1153 1303 1399 1361 (corrigunt
1427 1299 1597 1355 μῦσος),

145 1373 302 1425 μίασμα
333 1371 542 1413 extricare
573 1387 660 1413 non
691 1372 900 1414 valemus.

259 1442 444 1493 μίρεα,
477 1439 656 1495 λάχανα,
702 1441 739 1481 si
770 1455 992 1497 comparas
1022 1441 1106 1492 μίκ
1123 1458 1197 1490 αι,
1234 1438 1390 1494 λάχανα
1418 1454 1441 1481 e
1472 1439 1601 1493 μίρκα

144 1509 215 1551 vel
253 1510 398 1562 μίρκαι
430 1514 679 1566 corruptum
708 1507 905 1561 videtur,
967 1515 1014 1549 ut
1044 1507 1264 1550 Laconica
1294 1523 1378 1550 vox
1409 1522 1507 1549 cum
1538 1508 1599 1560 μί-

147 1593 245 1632 σχος
277 1576 368 1618 sive
396 1578 543 1629 μίσκος
574 1583 755 1634 cognata
787 1576 965 1632 agnosci
997 1576 1148 1634 possit.
1194 1575 1303 1617 Nam
1334 1576 1480 1630 μίσχος
1512 1589 1600 1616 non

145 1645 290 1687 minus
320 1661 447 1702 quam
478 1643 626 1692 καυλὸς
658 1651 699 1686 et
728 1645 896 1686 caulem
925 1652 967 1686 et
997 1644 1198 1686 cramben
1232 1642 1557 1702 significaverit.

1453 1723 1518 1744 Οων

258 1759 523 1812 μούρταρ,
576 1757 707 1806 πηλός.
756 1786 808 1791 --
872 1758 1117 1813 [μούρτιβοι]
1172 1759 1352 1810 μουστιῖν
1392 1760 1414 1805 ζ
1470 1775 1512 1809 μ.
1545 1781 1599 1788 -—

144 1826 384 1881 μούρτιβοι,
428 1828 589 1868 θυσίαι.
682 1826 745 1867 Ita
782 1829 827 1867 in
869 1826 1019 1868 codice
1058 1827 1163 1867 haee
1203 1826 1359 1867 misere
1399 1832 1599 1882 corrupta

143 1895 368 1953 leguntur.
454 1893 741 1951 Antiquiores
772 1894 1030 1952 interpretes
1064 1893 1363 1951 Aegyptiam,
1412 1893 1597 1945 Punica,

144 1962 228 2005 alia
257 1962 578 2020 quaesiverunt.
651 1960 743 2003 Nos
784 1977 835 2004 eo
874 1961 1018 2003 minus
1059 1961 1306 2003 dubitamus
1336 1960 1598 2002 Laconicam

146 2030 377 2073 dialectum
410 2045 676 2088 agnoscere,
728 2030 842 2088 quod
874 2030 950 2072 illa
979 2045 1077 2072 cum
1109 2029 1255 2087 glossa
1284 2036 1430 2087 aperte
1460 2028 1597 2070 Laeo-

145 2098 242 2140 nica
272 2098 456 2153 μούρκορ
484 2097 706 2140 literarum
738 2098 894 2140 seriem
923 2097 1113 2140 turbant.
1190 2097 1339 2139 Prima
1367 2096 1426 2137 ita
1456 2111 1596 2137 corre-

144 2166 306 2208 xerim:
352 2165 610 2220 μούρταρ,
656 2166 902 2218 μυστιπόλος
932 2167 961 2207 i.
996 2182 1035 2207 e.
1067 2165 1237 2218 μύστης.
1312 2164 1381 2205 De
1411 2162 1594 2221 reliquis

144 2235 358 2277 acutiores
387 2233 575 2275 videant.

257 2302 384 2359 Pag.
419 2301 474 2343 76
511 2301 542 2342 l.
576 2301 632 2343 24
660 2317 809 2361 seqq.
882 2299 1129 2342 Meinekius
1170 2298 1216 2339 in
1246 2297 1396 2340 Anall.
1429 2296 1590 2340 Alexx.

144 2386 187 2428 p.
221 2369 304 2413 247
342 2369 497 2427 probat
525 2368 803 2411 Valckenarii
835 2369 1125 2424 conjecturam
1163 2365 1209 2406 in
1237 2365 1478 2408 Alexandri
1508 2366 1594 2408 Ae-

144 2438 224 2480 toli
253 2453 382 2479 versu
411 2436 683 2494 anapaestico
701 2469 713 2491 ,
759 2454 844 2496 quo
875 2435 1131 2493 Euripidem
1163 2432 1384 2487 describit,

309 2507 366 2545 ‘0
409 2504 450 2544 δ’
493 2504 768 2560 Ἀναξαγόρου
811 2504 1014 2558 τρόφιμος
1055 2502 1229 2557 ἀρχαίου
1277 2499 1481 2556 στρυφνὸς
1523 2502 1593 2553 μὲν

1214 2570 1321 2610 ἔοικε
1363 2570 1594 2622 apogaeum

144 2643 264 2698 χαιόυ
301 2657 378 2698 pro
417 2640 590 2695 ἀρχαίου
631 2639 857 2682 scribentis
888 2646 929 2680 ct
958 2638 1010 2679 de
1041 2637 1178 2678 nobili
1207 2638 1491 2694 Anaxagorae
1520 2651 1592 2693 ge-

146 2725 250 2752 nere
281 2708 620 2766 interpretantis,
710 2706 870 2750 Neseio
901 2722 954 2748 an
994 2705 1153 2747 rectius
1186 2704 1398 2746 scribatur
1429 2705 1590 2758 ῥαχίου,

147 2793 258 2820 nova
287 2792 371 2820 vox
400 2792 423 2818 a
455 2776 582 2831 ῥάχος
614 2775 762 2825 dueta,
804 2775 833 2816 i.
856 2790 892 2816 e.
926 2776 1115 2827 spinosi,
1152 2788 1278 2829 quam
1308 2772 1591 2828 Anaxagorae
