1779 3079
191 201 285 249 166
598 261 602 265 .
726 198 800 244 De
835 196 1094 259 vocalibus.

189 335 287 390 ejus
316 332 597 375 temeritatem
628 333 869 382 accusabit,
916 335 991 393 qui
1023 349 1193 376 omnem
1224 334 1348 376 istam
1377 333 1644 376 testimonio-

189 418 282 444 rum
310 400 634 442 multitudinem
665 416 688 443 c
718 402 883 443 scholio
913 403 964 444 ad
996 401 1278 443 Homericum
1308 404 1393 454 βῶν
1414 401 1469 443 ΙΙ.
1495 419 1540 454 η,
1560 401 1644 444 238

190 469 433 528 pertinente
465 469 644 512 fluxisse
683 469 910 527 opinetur,
954 470 1070 529 quod
1099 470 1261 512 Dorica
1301 469 1561 527 diphthongi
1598 486 1645 511 ov

187 538 233 579 in
262 555 292 577 ω
316 537 549 580 mutatione
574 537 830 595 explicatum
856 546 934 580 cst.
997 537 1126 591 Quod
1156 541 1242 590 βὼς
1271 538 1316 579 in
1350 537 1537 580 frustulo
1567 537 1646 579 isso

187 605 351 648 Dorico
386 606 592 664 scriptum
627 614 721 661 cst,
753 606 798 647 in
831 613 947 648 tanta
977 606 1073 662 ejus
1104 606 1367 648 obscuritate
1396 621 1547 663 parum
1577 620 1646 647 va-

188 675 272 729 let,
319 682 537 732 postremo
577 673 813 716 Theocrito
853 690 979 732 quam
1020 674 1063 715 in
1104 674 1172 716 his
1210 674 1339 716 rebus
1382 689 1468 715 non
1508 672 1649 731 possit

188 741 376 794 confidi,
420 741 465 783 in
501 742 630 784 tertio
668 741 779 783 libro
820 742 1061 783 accuratius
1093 741 1500 784 demonstrabimus.
1561 739 1649 783 Ne·

188 805 446 868 quc'tamen
488 809 738 863 silebimus,
789 825 897 866 quae
928 809 1088 851 Dorica
1119 812 1205 862 βὼς
1234 817 1276 851 et
1303 812 1387 864 χώς
1417 809 1469 850 ab
1501 808 1648 850 istius-

188 877 305 919 modi
347 877 691 919 dubitationibus
727 876 959 918 defendere
999 877 1242 920 videantur.
1318 876 1476 919 Doridi
1512 875 1648 918 tribu·

188 952 321 986 untur
360 945 495 995 Τι’·ὁης
525 944 795 1002 ΡῑοζΤυδεύς
834 942 940 1000 (vid.
975 944 1016 998 ξ.
1049 946 1130 998 30,
1162 942 1207 999 7)
1251 951 1292 986 ct
1331 947 1412 1001 νᾶς.
1444 960 1522 1002 pro
1550 947 1650 992 ναῦς

189 1013 296 1060 (vid.
341 1013 382 1066 ἓ.
416 1013 516 1065 31),
569 1028 814 1070 quanquam
855 1029 908 1054 ne
948 1014 1051 1054 haec
1092 1012 1266 1070 quidem
1308 1012 1649 1054 certissimorum

189 1079 374 1121 fontium
422 1080 673 1122 auctoritate
715 1081 992 1133 confirmata,
1039 1080 1197 1138 quibus
1243 1080 1464 1122 simillima
1489 1087 1651 1122 —essent

187 1151 274 1200 βῶς
313 1156 355 1190 et
393 1151 477 1204 χώς
516 1149 649 1190 altera
689 1150 829 1191 vocali
860 1156 958 1206 post
988 1149 1172 1204 ejectum
1203 1165 1226 1189 v
1255 1148 1481 1206 producta.
1541 1148 1649 1190 Eam

188 1223 329 1257 tamen
361 1216 568 1258 rationem
603 1233 744 1276 neque
773 1217 976 1259 omnibus
996 1216 1188 1258 Doribus
1211 1233 1480 1258 communem
1512 1217 1650 1258 fnisse

190 1299 333 1340 neque
365 1284 571 1326 severiori
595 1285 752 1326 Doridi
782 1284 1101 1339 vindicandam,
1134 1285 1226 1338 sed,
1257 1284 1293 1325 si
1315 1284 1488 1342 quidem
1512 1300 1650 1340 gram·

190 1352 443 1393 maticorum
473 1352 722 1395 testimonio
755 1353 921 1410 aliquid
952 1352 1052 1394 fidei
1073 1352 1350 1395 tribuendum
1378 1361 1468 1405 est,
1499 1352 1649 1409 paucis

191 1418 448 1476 quibusdam
481 1420 763 1463 Doriensium
794 1421 969 1479 populis
999 1421 1216 1478 propriam
1236 1452 1248 1473 ,
1295 1435 1549 1478 persuasum
1578 1422 1649 1462 ha-

189 1487 369 1541 bemus,
417 1504 557 1546 neque
587 1488 795 1530 audemus
826 1505 1010 1545 negare,
1053 1488 1145 1529 fieri
1176 1488 1395 1545 potuisse,
1437 1497 1485 1530 ut
1516 1490 1651 1531 Hera-

190 1555 415 1608 cleenseS,
451 1557 536 1613 'qui
571 1556 786 1598 severiore
816 1556 983 1599 Doride
1013 1556 1269 1610 utebantur,
1302 1572 1399 1597 cnm
1428 1557 1651 1614 plerisque

193 1622 371 1665 Graccis
403 1626 505 1676 βοῦς·
536 1632 577 1665 et
605 1628 706 1679 χοῦς
734 1625 1093 1683 pronuntiarent,
1134 1624 1316 1681 Argivi,
1357 1624 1432 1682 qui
1462 1624 1649 1679 mitiore,

190 1694 276 1743 βῶς
308 1698 350 1732 ct
377 1694 476 1745 χῶς.
539 1691 658 1745 Quid
688 1710 789 1735 vero
809 1724 821 1746 ,
853 1693 970 1751 quod
998 1700 1166 1750 praeter
1197 1692 1475 1734 Homericum
1507 1693 1651 1735 locum

191 1762 276 1810 βῶν
307 1758 433 1801 etiam
465 1760 578 1817 apud
610 1760 878 1803 Herodotum
909 1762 979 1815 Il,
1009 1761 1065 1803 40
1092 1767 1133 1802 ct
1159 1760 1247 1809 VI,
1279 1760 1335 1803 67
1363 1760 1407 1801 in
1438 1760 1649 1803 librorum

190 1834 310 1884 parte
348 1827 531 1868 traditur
578 1835 618 1870 ct
658 1828 728 1870 hic
771 1829 945 1886 quidem
987 1828 1202 1886 propriam
1251 1829 1336 1869 vim
1379 1836 1561 1880 tenens,
1608 1836 1651 1870 ct

191 1895 307 1951 quod
331 1894 632 1951 Pherecydes,
666 1896 741 1953 qui
772 1896 920 1937 Ionica
952 1896 1135 1937 dialecto
1165 1911 1269 1936 usus
1300 1903 1380 1949 cst,
1411 1896 1647 1938 secundum

192 1962 356 2004 Herod.
389 1980 432 2002 π.
465 1980 505 2013 μ.
540 1968 574 2003 λ.
607 1963 660 2015 6,
695 1963 748 2005 16
779 1963 866 2012 Ζής
905 1964 1015 2005 dixit
1053 1979 1130 2020 pro
1163 1963 1292 2011 Ζεύς,
1341 1980 1472 2020 quum
1514 1963 1649 2013 Τυδής

191 2046 270 2088 pro
309 2029 460 2077 Τυδεύς
490 2028 701 2071 Doricum
733 2036 828 2072 csse
859 2031 1165 2088 perhibeatur?
1236 2031 1397 2084 Vides,
1441 2041 1647 2090 quantum

191 2098 236 2139 in
269 2099 349 2139 hoc
388 2097 485 2139 loco
525 2097 581 2138 sit
621 2097 931 2151 dubitationis,
979 2114 1088 2156 quae
1121 2098 1193 2139 vix
1223 2099 1318 2141 tolli
1351 2100 1512 2158 possit,
1560 2100 1647 2142 nisi

191 2165 386 2224 puriores
416 2164 595 2206 Doridis
627 2166 769 2207 fontes
799 2166 899 2207 novi
930 2166 1187 2224 aperiantur.

301 2232 430 2282 πώς,
463 2232 540 2280 πός
571 2234 811 2290 (corrigunt
842 2233 965 2288 ποῦς)
997 2232 1073 2274 ὑπὸ
1108 2235 1305 2286 Δωριέων
1336 2234 1526 2292 llcsych.
1560 2251 1646 2276 non

191 2301 330 2359 magis
362 2299 627 2342 dubitatione
658 2308 797 2353 caret,
849 2318 979 2359 quum
1012 2302 1056 2342 in
1090 2302 1249 2343 tabulis
1280 2302 1646 2344 Heracleo-usibus

190 2372 296 2417 ποῦς
325 2369 492 2426 legatur
521 2367 590 2421 II,
623 2369 675 2411 34
707 2376 748 2410 ct
778 2371 945 2422 τρίπους
973 2369 1024 2410 Β.
1060 2371 1099 2420 3,
1132 2370 1167 2412 l.
1196 2371 1274 2424 48,
1309 2370 1430 2423 ΙΙ,2.
1482 2369 1643 2424 Quare,

190 2436 278 2479 nisi
310 2437 421 2479 sorte
451 2435 570 2478 aliud
601 2437 704 2494 quid
738 2438 864 2488 latet,
897 2438 1044 2480 nescio
1076 2454 1127 2479 an
1152 2446 1297 2479 contra
1320 2432 1547 2479 literarum
1579 2454 1645 2479 or·

192 2504 336 2546 dinem
382 2504 503 2552 πός,
549 2508 650 2552 ποῦς
693 2505 995 2561 corrigendum
1038 2506 1119 2558 sit,
1164 2506 1217 2547 dc
1258 2522 1340 2563 qua
1382 2507 1515 2547 forma
1555 2505 1641 2547 vid.

189 2572 230 2626 ξ.
264 2573 344 2624 21,
376 2573 417 2613 4.

304 2640 378 2695 ll)
425 2641 472 2680 ln
505 2640 604 2682 aliis
635 2640 891 2697 quibusdam
924 2659 947 2680 υ
964 2658 1000 2681 m
1019 2658 1112 2683 nes
1137 2641 1376 2683 Dorienses
1408 2657 1504 2682 cum
1530 2641 1643 2682 Aco-

190 2707 304 2749 libus
344 2716 386 2749 ct
429 2708 605 2749 {onibus
654 2725 683 2746 ω
727 2707 906 2753 habent,
971 2726 1047 2765 pro
1092 2709 1236 2750 Attico
1280 2718 1320 2750 ct
1365 2707 1530 2765 vulgari
1576 2725 1639 2749 ov.

193 2775 380 2816 Primum
427 2776 631 2832 particula
674 2771 738 2814 ιιῖιι
780 2792 855 2832 pro
897 2773 967 2816 ‹1131›
1007 2786 1043 2816 ct
1086 2777 1185 2818 inde
1216 2780 1295 2829 γῶν
1327 2793 1402 2833 pro
1431 2778 1526 2828 γοῦν
1556 2791 1641 2817 non

1728 0 1753 121 ’ἲ

1729 159 1752 188 5⁴

1735 123 1753 163 ἀ,

1765 2540 1773 2574 ¹,
