1779 3079
522 185 597 232 Ad
636 185 848 232 Librum
886 185 1175 233 Secundum.
1468 187 1562 236 581

230 319 269 375 ξ.
317 322 356 362 4.
419 320 651 362 Balbillam
693 335 860 361 omnem
893 318 1069 377 spiritus
1102 318 1242 376 asperi
1276 333 1399 359 usum
1432 333 1453 358 a
1485 318 1568 359 Lc-

120 388 262 430 shiaca
293 388 475 430 dialecto
505 387 804 444 abjudicasse,
841 387 941 428 inde
972 394 1147 444 apparet
1171 386 1286 444 quod
1315 387 1359 426 in
1385 386 1568 427 elisione

118 463 161 498 et
190 456 302 497 crasi
336 456 477 498 tenuis
519 471 738 514 nunquam
768 462 924 495 mutata
957 463 1049 496 cst:
1095 454 1235 506 XIX,
1284 455 1331 495 ll
1374 453 1405 493 τ’
1439 453 1499 494 ὅσ’
1530 462 1571 494 et

120 523 246 564 κῶσσ’
275 539 353 580 pro
382 523 423 564 θ’
458 524 537 565 ὅσα
567 531 608 564 ct
636 523 808 578 χῶσσα,
841 522 1024 574 XXIII,
1057 523 1083 563 7
1113 521 1198 571 κώ,
1240 522 1424 575 XXIV,
1459 521 1509 563 10
1538 521 1568 562 τ’

122 590 143 632 0'
165 607 242 649 pro
271 591 314 632 θ’
345 593 382 632 ὁ.
424 591 517 634 Nos
549 591 751 648 gravibus
782 590 1046 645 argumentis
1077 589 1369 631 demonstrare
1403 590 1572 630 studui—

120 675 243 711 mus,
285 659 473 701 Lesbios
507 675 639 716 quum
676 658 721 698 in
761 657 858 699 aliis
900 665 989 698 tum
1022 657 1065 697 in
1098 658 1278 699 articulo
1309 665 1350 699 et
1380 657 1572 699 relativis

120 742 273 784 aspero
312 742 413 767 usos
453 741 571 775 esse,
617 741 758 783 neque
800 724 1014 766 Balbillac
1053 726 1282 767 auctoritas
1326 726 1464 780 major
1509 732 1574 766 est

120 809 245 850 quam
276 793 675 849 grammaticorum,
721 792 881 849 quibus
913 809 998 833 non
1029 793 1307 834 credidimus.
1371 794 1573 835 Ceterum

121 876 174 902 ex
214 861 310 916 ejus
347 869 489 903 mente
530 862 691 919 ubique
722 861 862 902 lenem
895 876 973 918 pro
1005 877 1157 918 aspero
1190 861 1466 902 scribendum
1497 861 1572 901 (lu-

122 929 282 970 ximus.

236 996 278 1049 §.
313 997 353 1038 5.
402 997 547 1055 Ipsum
581 996 793 1054 digamma
817 995 1006 1038 Balbilla
1037 997 1212 1054 scripsit
1242 998 1287 1038 in
1319 998 1575 1055 pronomine

122 1064 271 1106 tertiae
302 1080 510 1122 personae
540 1070 618 1106 Fon
647 1072 689 1105 ct
716 1069 771 1105 Fe
801 1064 935 1118 XIX,
965 1065 1007 1106 4.
1045 1066 1110 1106 12.
1143 1065 1326 1119 XXIII,
1369 1066 1407 1108 5.
1472 1067 1574 1108 Cer-

121 1133 289 1174 tissime
320 1133 433 1174 enim
464 1133 522 1174 ita
552 1132 784 1189 corrigitur
813 1148 890 1190 pro
921 1150 1011 1185 70⁶⁷
1044 1149 1112 1185 γε,
1144 1150 1229 1182 τοι,
1268 1150 1399 1191 quum
1432 1150 1573 1192 neque

123 1201 216 1242 illis
246 1200 290 1241 in
321 1200 456 1253 locis,
488 1201 564 1242 ubi
596 1200 803 1241 Franzius
834 1199 866 1253 7'
900 1205 936 1242 οἱ
968 1209 1009 1242 et
1037 1201 1069 1253 γ’
1102 1203 1121 1241 ἑ
1148 1203 1404 1259 scripserat,
1446 1203 1577 1260 parti-

123 1268 219 1310 cula
248 1285 290 1321 γε
320 1268 425 1310 ferri
457 1269 622 1326 possit,
663 1284 803 1325 neque
836 1269 881 1309 in
915 1269 1065 1311 ultimo
1094 1271 1160 1311 τοῖ
1186 1285 1283 1311 cum
1317 1271 1467 1313 eodem
1498 1287 1577 1328 pro

122 1339 177 1388 τῷ
205 1335 370 1394 accipi,
403 1336 520 1393 quod
549 1344 619 1377 aut
651 1336 900 1378 Boeoticum
932 1345 998 1379 cst
1026 1346 1098 1379 aut
1127 1338 1327 1396 antiquae
1357 1341 1577 1396 orthogra-

123 1404 280 1461 phiae,
309 1411 527 1461 praetcrea
558 1420 580 1445 e
610 1405 830 1446 Bocoticis
863 1405 1225 1462 inscriptionibus
1254 1415 1421 1449 constat
1451 1424 1578 1464 quam

124 1471 251 1513 facile
290 1472 342 1513 ab
380 1471 630 1514 hominibus
666 1472 809 1515 minus
849 1474 1000 1531 peritis
1040 1490 1118 1531 pro
1159 1474 1371 1531 digamma
1411 1475 1578 1518 similes

124 1539 278 1582 literae
318 1545 360 1581 Γ
391 1547 432 1581 et
479 1546 516 1580 Τ
550 1540 594 1581 in
631 1541 848 1598 lapidibus
891 1542 1107 1599 leg-antur.
1142 1568 1194 1573 -
1225 1543 1397 1585 Deinde
1436 1561 1459 1584 v
1500 1560 1578 1601 pro

126 1607 341 1664 digamma
370 1607 483 1648 inter
512 1609 682 1650 vocales
714 1617 778 1650 est
809 1609 852 1650 in
885 1610 1012 1658 Αἱῖως
1041 1610 1201 1664 XXV,
1244 1613 1265 1653 1
1299 1628 1350 1653 cx
1380 1613 1577 1654 emcnda-

124 1675 241 1717 tione
272 1682 418 1716 nostra
449 1684 490 1718 et
521 1677 624 1718 εὔὶὶῖε
652 1678 792 1732 XIX,
827 1678 851 1719 5
883 1679 908 1720 i.
935 1694 973 1720 c.
1008 1678 1149 1727 Z'ch'e,
1184 1678 1283 1729 εἶδε,
1318 1681 1386 1722 cui
1419 1680 1579 1722 similia

124 1743 223 1784 vide
254 1745 295 1798 ξ.
329 1742 379 1797 5,
413 1743 453 1785 5.

236 1812 278 1864 ξ.
312 1812 339 1854 6
370 1829 440 1853 nr.
477 1814 515 1854 1.
578 1815 753 1867 Πέσυρα
773 1848 781 1861 ,
825 1814 942 1872 quod
972 1814 1135 1873 legitur
1163 1816 1301 1871 XXI,
1333 1817 1383 1872 6,
1427 1818 1578 1859 confir-

128 1886 214 1921 mat
236 1879 454 1935 judicium
484 1889 677 1922 nostrum
710 1883 812 1933 (vid.
849 1888 889 1933 ς’.
923 1884 991 1936 1⁵2,
1023 1885 1084 1938 3),
1116 1902 1202 1927 non
1234 1893 1348 1928 recte
1379 1887 1581 1940 πέσσυρες

127 1947 334 2004 scriptum
366 1964 459 1990 esse
491 1950 605 2007 apud
635 1951 920 2007 Hesychium.

239 2015 281 2068 §-
312 2016 339 2057 7
373 2032 450 2057 nr.
483 2018 524 2059 3.
557 2019 599 2060 4.
661 2020 836 2071 χθίσὸον
881 2035 960 2076 pro
1002 2020 1150 2075 χθιζόν
1193 2030 1259 2063 est
1302 2022 1487 2075 XXIII,
1536 2023 1577 2075 1,

129 2082 277 2123 nescio
308 2099 361 2123 an
391 2085 604 2139 genuinae
636 2086 817 2128 dialecto
851 2104 937 2128 non
969 2089 1288 2132 convenienter.

240 2149 281 2202 ξ.
314 2150 355 2192 8.
415 2151 633 2209 Liquidae
678 2154 911 2211 geminatio
950 2156 1002 2197 ad
1034 2156 1276 2199 Romanum
1313 2173 1469 2199 nomen
1496 2156 1580 2197 Σά-

128 2223 247 2271 βιννα
276 2225 436 2260 temere
467 2220 655 2262 adhibita
685 2230 763 2263 est.

240 2286 281 2339 ξ.
312 2287 339 2329 9
369 2302 443 2327 nr.
477 2287 517 2328 3.
578 2287 692 2331 Male
735 2308 755 2330 τ
795 2292 1038 2348 geminatur
1068 2292 1113 2332 in
1146 2292 1221 2333 ἅττ’
1260 2293 1396 2344 XIX,
1439 2292 1463 2333 5
1503 2308 1580 2350 pro

131 2354 230 2407 ὅτα,
277 2354 356 2395 ὅτε.
416 2354 489 2394 Ad
520 2357 716 2414 exempla
745 2375 809 2399 nr.
844 2361 872 2402 4
904 2368 1230 2402 commemorata
1259 2361 1424 2403 accedit
1452 2361 1581 2415 γράπ-

132 2439 242 2462 πατα
273 2438 351 2479 pro
379 2421 596 2476 γράμματα
624 2424 761 2479 XIX,
796 2427 845 2468 ll
878 2435 919 2468 et
947 2428 1121 2482 XXIV,
1155 2429 1220 2470 12.

103 2532 106 2533 ⁷
241 2489 283 2542 ξ.
328 2489 396 2531 10.
458 2489 592 2532 Recte
616 2492 777 2546 justam
808 2495 1050 2551 analogiam
1081 2504 1250 2538 servant
1279 2498 1475 2550 τρέσσαις
1503 2514 1581 2556 pro

132 2558 281 2612 τρέσας
309 2557 489 2605 ΧΧΙΙΙ,
520 2559 574 2609 7,
618 2561 737 2601 παῖσι
766 2579 844 2619 pro
872 2565 976 2602 πᾶσι
1003 2564 1138 2617 XIX,
1173 2566 1225 2606 ’12
1256 2563 1410 2619 (dativi
1441 2581 1580 2607 exem-

130 2625 202 2683 pla
242 2624 640 2667 desideraveramus
680 2627 768 2668 vid.
802 2645 866 2670 nr.
900 2631 968 2682 2),
1013 2631 1214 2672 ἐνέποισιν
1255 2649 1332 2689 pro
1372 2634 1580 2675 ἐνέπουσιν

130 2693 279 2744 XXV,
325 2693 377 2746 33.
433 2693 508 2734 sed
553 2694 663 2737 male
704 2696 793 2738 fieti
836 2706 936 2738 sunt
979 2698 1233 2740 nominativi
1276 2700 1581 2743 declinationis

130 2760 291 2817 primae
312 2761 561 2814 Ᾱάμβὺσαις
592 2770 634 2803 et
662 2764 835 2815 γενέταις
862 2765 1034 2819 XXIV,
1063 2768 1102 2808 4.
1134 2767 1201 2820 ll,
1234 2774 1280 2808 ut
1304 2768 1417 2826 apud
1444 2786 1580 2826 gram-
