1779 3079
370 222 409 280 ᾗ.
443 224 522 272 26.
596 224 668 270 De
704 244 747 269 εο
777 232 821 269 et
853 243 904 268 ew
941 222 1213 269 contractis.
1422 223 1520 272 213

75 358 244 402 tabulae
277 359 593 400 Heracleenses
634 357 780 400 eadem
824 356 986 398 ratione
1029 375 1048 397 ο
1090 357 1318 410 exhibent,
1374 366 1418 399 ut
1461 360 1518 399 οἰ-

77 427 190 468 adm
221 427 267 480 I,
303 427 407 481 102,
440 424 699 479 δοκιμαξόντι
730 424 775 478 Ι,
809 424 886 476 70,
919 424 1154 478 ἕργαξόνῑαι
1181 425 1228 477 I,
1261 425 1342 477 64,
1375 424 1520 466 ἐσσόμ-

73 512 141 535 ται
169 496 216 547 I,
249 494 303 535 64
331 504 410 535 etc.
445 495 661 550 multaque
693 491 867 534 similia.
930 490 1052 544 Quae
1082 493 1220 548 primo
1252 493 1401 534 obtutu
1434 508 1516 534 non

74 561 211 620 magis
251 562 585 604 contractionem
626 576 752 617 passa
792 576 887 601 esse
926 559 1125 600 videntur
1162 576 1288 617 quam
1327 561 1526 617 vulgaria

76 632 262 679 οἴσουσι,
309 629 482 672 ἔσονται.
558 629 618 669 At
649 628 684 668 si
717 629 912 670 conferas
942 634 1182 668 contractas
1213 628 1370 668 formas
1400 630 1518 681 ἐργα-

75 701 218 747 ξῆται,
250 699 420 746 ἐσσιῖται
451 696 561 752 apud
587 695 761 737 eosdem
783 694 1124 747 Iffleracleenses,
1156 694 1312 736 deiude
1329 696 1517 738 omnium

74 764 354 808 Doriensium
387 763 429 804 iu
462 763 621 805 futuris
647 763 950 804 contrahendis
975 762 1275 813 constantiam,
1305 770 1520 819 postremo

75 833 245 874 Cretica
276 832 375 881 illa,
424 831 468 872 in
500 831 660 889 quibus
704 848 722 872 ο
755 829 1046 871 contractione
1079 830 1259 887 quadam
1291 845 1343 870 ex
1374 846 1414 871 εο
1445 847 1521 871 na-

71 908 161 942 tum
201 915 297 942 esse
337 907 528 952 constat,
575 916 661 941 non
695 898 912 939 dubitabis
943 897 1047 954 quin
1079 897 1205 938 etiam
1236 898 1305 938 hie
1337 897 1519 940 similem

72 967 283 1024 originem
324 975 437 1008 recte
480 968 787 1024 agnoverimus
833 973 874 1006 et
904 972 1080 1007 accentu
1113 965 1517 1022 significaverimus.

74 1036 320 1077 Obscurum
352 1043 415 1077 est
445 1035 653 1092 exemplis
684 1033 984 1076 deficientibus
1004 1064 1016 1085 ,
1063 1049 1165 1074 num
1206 1034 1315 1074 sorte
1346 1033 1419 1074 alii
1451 1049 1519 1076 eo·

72 1120 193 1157 rum,
239 1103 313 1161 qui
345 1103 557 1145 severiore
588 1103 752 1144 Doride
797 1102 866 1143 usi
906 1109 1031 1154 sunt,
1080 1101 1124 1141 in
1156 1101 1314 1141 futuris
1344 1101 1521 1143 eandem

72 1172 279 1213 rationem
311 1170 460 1213 sectati
492 1170 592 1211 sint.
663 1169 757 1211 Hoc
789 1176 951 1211 eertum
983 1176 1076 1221 est,
1122 1169 1361 1218 ἑσσοῦνται,
1404 1169 1520 1225 quod

72 1238 234 1297 legitur
262 1239 306 1279 in
340 1238 650 1296 Spartanorum
680 1238 852 1279 decreto
883 1236 1084 1293 Thucyd.
1111 1235 1169 1289 V,
1195 1237 1272 1289 77,
1307 1252 1393 1277 non
1425 1253 1520 1279 esse

71 1307 365 1361 Laconicum,
418 1314 559 1347 utrum
591 1307 798 1346 ἐσσιόινται
828 1321 881 1346 an
914 1304 1104 1345 ‹³7offovtac
1137 1304 1341 1360 seriptum
1373 1305 1519 1358 fucrit,

72 1391 157 1417 non
197 1375 402 1416 audemus
445 1374 665 1414 affirmare.
743 1373 1056 1414 Heracleenses
1094 1377 1233 1413 tamen
1273 1381 1315 1413 et
1344 1373 1520 1414 omnino

72 1443 265 1484 Italiotae
307 1442 433 1483 etiam
474 1441 701 1483 infinitivis
742 1442 784 1481 in
827 1457 866 1480 εν
906 1439 1166 1481 exeuntibus
1216 1438 1322 1494 (vid.
1370 1443 1410 1493 ξ.
1443 1440 1520 1493 21)

72 1510 251 1568 propius
297 1526 423 1567 quam
466 1509 663 1551 Lacones
703 1509 754 1550 ad
799 1508 1012 1550 Creticam
1055 1507 1357 1567 proprietatem
1400 1523 1519 1550 aece-

71 1578 192 1621 dunt.

184 1645 410 1687 Postremo
442 1645 728 1687 Tarentinum
767 1646 870 1696 ἐμοῖς
910 1661 987 1703 pro
1029 1647 1146 1697 ἐμοῦ,
1195 1643 1310 1702 quod
1340 1644 1520 1700 Apollo-

72 1714 171 1755 nius
203 1729 224 1754 e
258 1713 509 1754 Rliintlione
540 1715 660 1754 afl'ert
688 1712 774 1754 vid.
801 1714 842 1765 ξ.
862 1714 936 1766 32,
967 1714 1018 1761 2,
1051 1714 1197 1754 cadem
1228 1712 1521 1754 contractione

72 1797 123 1822 ex
154 1781 268 1833 ἐμέος
296 1781 453 1821 factum
484 1789 574 1834 cst,
635 1797 683 1821 ea
724 1775 880 1821 tamen·
904 1780 1080 1838 regula,
1141 1796 1267 1837 quam
1310 1795 1435 1836 supra
1468 1780 1520 1821 de

73 1847 256 1889 Creticis
288 1849 424 1890 titulis
452 1848 784 1906 proposuimus,
831 1848 1075 1906 paullulum
1113 1848 1243 1889 laesa.
1319 1846 1419 1888 Non
1449 1847 1519 1888 ad-

69 1923 337 1968 versaretur,
383 1917 419 1957 si
458 1933 554 1957 eum
586 1917 806 1958 Boeclzhio
852 1916 1175 1969 docuissemus,
1223 1915 1269 1956 id
1299 1915 1414 1972 quod
1444 1930 1522 1972 per

73 1984 242 2026 Cretica
273 1985 466 2041 exempla
496 1984 679 2036 licebat,
725 2002 745 2025 0
778 2000 872 2025 esse
903 2000 980 2040 pro
1013 2000 1054 2026 εο
1093 1991 1190 2024 ante
1231 1983 1338 2024 duas
1368 1998 1520 2024 conso-

72 2067 148 2092 nas
179 2059 424 2108 sequentes.
497 2051 585 2093 Sed
615 2052 845 2093 maluimus
876 2052 1149 2109 praecipere,
1200 2050 1318 2109 quod
1347 2066 1520 2107 praeee-

70 2119 240 2176 pimus,
284 2126 458 2176 propter
489 2120 584 2174 ejus
614 2119 728 2177 legis
758 2119 1000 2175 analogiam
1020 2150 1032 2172 ,
1079 2136 1206 2176 qnam
1232 2118 1402 2160 tabulae
1435 2119 1519 2161 He-

69 2186 311 2228 racleenses
353 2186 398 2227 in
437 2188 575 2244 primo
619 2187 926 2229 contractionis
965 2203 1123 2244 genere
1168 2186 1402 2244 diligenter
1446 2186 1520 2227 ob-

70 2261 254 2296 servant.
315 2253 366 2294 In
408 2254 710 2311 pronominum
752 2254 1046 2313 personalium
1084 2254 1275 2310 genitivo
1306 2253 1519 2311 singulari

73 2337 280 2363 summam
310 2321 531 2363 licentiam
561 2322 771 2364 dominari
802 2323 914 2364 infra
945 2321 1205 2364 videbimus.

183 2389 226 2439 3)
269 2388 337 2430 De
367 2389 490 2429 tertia
524 2390 831 2432 contractionis
861 2390 1052 2442 ratione,
1086 2405 1167 2446 qua
1199 2405 1239 2430 ευ
1270 2388 1315 2428 in
1347 2404 1388 2428 ευ
1419 2403 1518 2429 con-

69 2457 338 2513 junguntur,
375 2471 500 2512 saepe
530 2458 796 2512 grammatici
829 2464 1041 2499 testantur
1072 2465 1117 2497 ut
1145 2455 1306 2497 Dorica
1328 2456 1380 2507 3).
1426 2455 1520 2496 Me-

71 2524 200 2565 liores
230 2531 369 2565 tamen
402 2524 543 2565 fontes
574 2524 754 2577 docent,
794 2542 848 2565 ne
878 2527 986 2566 bane
1018 2524 1192 2582 quidem
1225 2523 1340 2580 apud
1371 2539 1519 2566 omnes

72 2591 308 2634 Dorienses
339 2608 476 2649 aeque
507 2591 720 2645 valuisse,
762 2592 837 2634 sed
868 2592 911 2633 in
946 2592 1085 2634 verbis
1117 2591 1200 2634 soli
1231 2590 1449 2648 Calymnii
1478 2599 1519 2634 et

118 2748 154 2789 3)
201 2748 259 2781 Et.
285 2748 334 2781 M.
363 2750 449 2790 189,
474 2750 519 2782 36
549 2769 586 2773 ·-
616 2751 680 2792 51»,
708 2751 750 2784 44
784 2772 810 2776 »—
845 2751 932 2792 (532,
958 2752 1018 2789 30,
1048 2749 1105 2783 Et.
1134 2748 1180 2783 G.
1208 2749 1297 2790 222,
1322 2750 1344 2784 3
1371 2768 1411 2774 —-
1437 2749 1518 2790 273,

73 2804 137 2845 27,
163 2804 255 2838 Ann.
285 2806 382 2839 Oxx.
410 2806 446 2849 Ι,
472 2808 561 2846 215,
589 2807 633 2845 29
660 2814 725 2841 etc.
