1779 3079
235 185 300 236 34
710 183 750 243 §.
790 185 834 234 3.
906 185 980 232 De
1010 194 1222 232 accentu.

458 235 474 251 Ι

351 324 422 375 10)
479 320 697 364 Adverhia
726 321 771 363 in
803 330 827 374 ᾷ
855 321 997 364 locum
1035 323 1088 364 in
1118 338 1274 381 quem
1305 322 1590 378 significantia
1617 323 1687 367 vel

235 394 438 446 modum,
497 406 606 449 quac
645 407 667 432 a
696 390 1023 448 pronominibus
1054 391 1325 444 derivantur,
1383 391 1685 449 perispomena

237 469 362 514 sunt,
423 467 469 501 ut
509 458 631 514 ἄλλᾷ,
678 462 809 510 παντᾷ
832 460 911 513 1⁹),
970 475 1215 517 quanquam
1252 458 1383 516 vulgo
1425 466 1686 517 paroxytona

236 530 359 586 ἄλλῃ,
419 527 564 584 πάντῃ.
652 526 826 585 Quippe
866 527 1164 569 adverbiorum
1203 527 1247 568 in
1275 527 1323 575 ἷῖς
1351 526 1591 583 analogiam
1621 542 1685 569 se·

235 604 453 656 quuntur3
511 611 591 638 nec
618 595 759 637 minus
789 595 952 637 Dorica
983 595 1181 637 adverbia
1219 596 1264 637 in
1294 596 1349 650 Ξῖ,
1397 611 1505 653 quae
1542 594 1686 636 locum

236 665 327 707 uhi
366 664 634 722 significant,
676 664 793 705 etin
825 668 856 703 ὦ
900 679 1007 720 quae
1053 662 1196 705 locum
1233 664 1402 718 unde,
1462 669 1510 704 ut
1536 662 1682 709 τουτεῖ,

231 735 366 783 τηνεῖ,
410 736 562 782 τουτῶ,
606 735 713 782 τηνῶ
757 731 843 773 vid.
877 731 979 772 infr.
1012 731 1053 783 ξ.
1087 733 1156 772 44.
1231 732 1348 773 Num
1393 732 1473 783 ὅπᾳ
1514 737 1556 772 et
1594 730 1686 771 ὅπει

232 800 397 843 veriora
427 800 513 841 sint
543 816 595 841 an
628 801 733 851 ὁπᾷ,
779 800 895 852 ὁπεῖ,
934 799 1197 856 Apollonius
1229 816 1316 841 non
1346 799 1489 840 minus
1520 797 1684 839 dubita-

231 868 368 922 verit,
415 883 541 925 quam
585 867 793 909 dubitavit
830 867 882 907 de
913 867 1023 914 ὅπως
1052 873 1094 908 et
1125 868 1249 915 ὁπῶς.
1321 867 1412 908 Nos
1443 881 1493 908 eo
1526 864 1684 907 certius

232 936 554 978 circumflexum
594 935 639 976 in
679 935 746 976 his
783 933 1042 991 probamus,
1087 934 1187 991 quia
1217 934 1342 976 etiam
1372 934 1485 991 apud
1513 933 1684 974 Atticos

232 1005 277 1046 in
307 1004 485 1046 vocibus
517 1003 620 1044 duas
650 1002 835 1060 syllabas
866 1002 1171 1044 excedentibus
1200 1002 1492 1060 praepositum
1522 1002 1543 1042 ὁ
1574 1016 1683 1041 nun-

233 1087 359 1130 quam
391 1077 612 1112 acccntum
642 1070 688 1111 iu
719 1085 764 1111 sc
795 1070 973 1128 recipit,
1018 1078 1064 1111 ut
1095 1072 1265 1124 ὁποῖος,
1311 1069 1493 1119 ὁπόσος,
1544 1068 1680 1122 ὁπότε,

230 1139 413 1188 ὁπόθεν,
446 1154 629 1196 quorum
659 1138 898 1194 analogiam
930 1140 1063 1188 ὁπῶς,
1098 1139 1194 1190 ὁπᾷ,
1228 1140 1320 1180 cine?
1346 1144 1587 1196 opportune
1618 1151 1681 1178 sc-

229 1214 435 1266 quuntur.
527 1205 730 1248 Ceterum
768 1206 813 1246 in
853 1205 1074 1248 codicibus
1112 1214 1154 1248 ct
1193 1205 1454 1249 editionibus
1494 1204 1682 1262 genuina

227 1274 420 1317 omnium
450 1289 597 1315 eorum
625 1274 922 1316 adverbiorum
952 1274 1117 1315 tonosis
1138 1275 1252 1316 haud
1269 1290 1363 1316 raro
1384 1273 1580 1331 neglecta
1598 1278 1677 1314 cst.

342 1345 411 1392 11)
468 1343 695 1384 Praeterea
723 1343 865 1384 Dores
905 1341 1212 1385 nonnullorum
1252 1341 1549 1385 adverbiorum
1578 1340 1625 1381 in
1656 1345 1682 1380 ἃ

225 1411 498 1465 exeuntium,
531 1426 639 1467 quac
669 1409 800 1465 vulgo
835 1417 876 1451 ct
906 1409 1097 1451 ultimam
1123 1411 1295 1452 brevem
1324 1409 1483 1451 habent
1512 1415 1555 1450 et
1583 1423 1679 1450 acu-

226 1489 314 1523 tum
345 1480 391 1521 in
418 1478 683 1537 penultima,
723 1477 914 1518 ultimam
947 1477 1312 1520 circumflectunt:
1359 1479 1443 1531 ἁμᾶ
1471 1484 1513 1518 et
1539 1478 1681 1530 κρυφᾶ

222 1563 302 1605 pro
335 1548 417 1599 ἅμα
448 1554 490 1588 et
519 1546 659 1601 κρύφα
681 1548 751 1598 2ο).
827 1545 954 1587 Nunc
997 1547 1081 1598 ἁμᾶ
1110 1547 1223 1604 apud
1251 1546 1488 1587 Pindarum
1518 1543 1679 1602 legitur

223 1615 294 1657 Ol.
329 1616 412 1665 ΙΙΙ,
442 1616 515 1669 22,
559 1614 612 1655 Ρ.
646 1614 730 1668 ΙΙΙ,
762 1614 816 1656 36
846 1613 940 1665 (ubi
968 1622 1150 1655 metrum
1179 1614 1372 1655 ultimam
1400 1613 1574 1670 longam
1601 1627 1677 1670 po-

221 1683 396 1736 stulat),
427 1682 484 1724 N.
517 1682 577 1735 V,
606 1683 674 1724 11.
706 1681 812 1735 Vll,
837 1682 892 1724 78
922 1689 964 1723 et
993 1682 1104 1739 apud
1133 1681 1413 1724 Theocritum
1442 1688 1578 1722 metro
1602 1680 1675 1736 Ju-

218 1751 346 1793 bente
377 1750 459 1799 IX,
490 1751 532 1791 4.
565 1749 650 1803 XI,
673 1750 743 1802 39,
776 1749 947 1806 saepius
979 1749 1092 1807 apud
1120 1758 1348 1807 utrumque
1381 1749 1490 1803 ἄμας
1520 1748 1674 1790 deinde

220 1822 360 1872 κρυφᾶ
389 1825 552 1859 certum
585 1824 650 1858 cst
681 1817 753 1858 Ol.
779 1817 817 1870 l,
848 1818 930 1870 47,
961 1818 1103 1858 minus
1135 1824 1296 1858 certum
1328 1819 1381 1859 fr.
1399 1818 1497 1859 217.
1542 1817 1672 1858 Prae-

219 1893 333 1927 terea
362 1886 407 1927 in
438 1886 676 1941 fragmento
707 1884 894 1925 Philolai
924 1883 1168 1925 Boeckhius
1211 1901 1255 1942 p.
1288 1885 1340 1926 61
1388 1886 1481 1938 διχᾶ
1523 1899 1672 1939 ‹zpon-

218 1953 343 1994 όντων
381 1967 458 2009 pro
503 1953 624 2005 δίχα,
687 1952 762 2003 (cf.
805 1954 927 2006 τριχᾶ
964 1952 1156 1991 δέδασται
1199 1952 1311 2009 apud
1350 1952 1586 2008 Archytam
1625 1950 1670 1992 in

218 2019 340 2062 Stob.
375 2019 492 2060 Flor.
533 2019 582 2072 I,
611 2018 701 2065 76.)
748 2034 834 2059 non
879 2034 958 2075 pro
999 2020 1091 2074 διχῇ
1129 2018 1288 2060 dictum
1328 2019 1565 2077 existimat,
1627 2025 1670 2061 ct

217 2095 282 2128 cst
311 2089 400 2141 δίχα
430 2086 474 2127 in
506 2085 662 2127 talibus
692 2086 982 2127 locutionibus
1014 2085 1226 2127 usitatius.
1301 2086 1596 2128 Nihilominus
1626 2092 1669 2129 et

263 2251 320 2289 19)
372 2249 493 2294 Apoll.
521 2249 567 2282 de
592 2248 673 2282 adv.
702 2250 789 2290 556,
815 2248 870 2281 32.
933 2249 1071 2292 Δωριεῖς
1109 2251 1224 2292 παντᾷ
1259 2250 1384 2291 φασὶν,
1435 2247 1488 2284 ὅτι
1524 2251 1580 2284 καὶ
1623 2251 1665 2286 τὸ

214 2307 386 2353 ἐπὶῤῥημα
410 2309 566 2345 παντῶς,
595 2306 650 2338 καὶ
676 2305 789 2348 daia,
814 2303 868 2338 ὅτι
893 2307 947 2338 καὶ
973 2304 1094 2343 ἀλλὼς.
1121 2326 1159 2332 -
1211 2306 1664 2353 Scholl.'l'heocr.'V111,

213 2367 267 2400 ⁴11.
305 2367 461 2409 Δωρικῶς
486 2367 603 2408 παντᾷ
627 2365 908 2410 περισπωμένως,
947 2365 993 2397 cf.
1031 2364 1077 2397 de
1109 2368 1224 2409 παντᾷ
1251 2365 1365 2409 Grcg.
1396 2365 1435 2400 C.
1474 2378 1509 2410 p.
1537 2367 1603 2403 213
1627 2376 1663 2403 et

211 2430 284 2456 not.
312 2424 366 2456 20.

260 2482 319 2521 20)
369 2478 510 2513 Scholl.
542 2478 649 2513 Pind.
680 2479 721 2512 P.
752 2478 828 2519 lll,
855 2480 908 2512 36.
947 2475 986 2511 τὸ
1013 2475 1107 2517 ἅμα,
1148 2478 1189 2517 ὥς
1208 2479 1417 2527 Ἠρωὸιανός
1441 2494 1539 2527 φησιν
1563 2483 1596 2516 ἐν
1619 2485 1662 2531 τῇ

213 2537 276 2576 03¹,
301 2536 332 2570 οἱ
355 2538 494 2580 Δωριεῖς
520 2539 707 2582 περισπῶσι
733 2537 788 2568 καὶ
813 2535 852 2568 τὸ
877 2537 1009 2573 namsi,
1039 2534 1145 2582 ὥςπερ
1169 2537 1208 2570 τὸ
1235 2542 1345 2584 κρυφᾶ
1370 2539 1468 2585 παρὰ
1485 2539 1658 2586 Πινδάρῳ.

209 2597 367 2629 τοιοῦτον
392 2596 425 2627 δέ
451 2595 519 2627 ἐστι
548 2596 604 2627 καὶ
633 2592 672 2628 τὸ
707 2592 780 2632 ἁμᾶ
812 2592 1063 2638 περισπώμενον
1087 2593 1159 2629 ἀπὸ
1183 2599 1244 2629 τοῦ
1269 2596 1342 2641 ἁμῇ
1366 2597 1548 2639 γενόμενον.
1601 2596 1658 2642 ζη-

208 2655 317 2685 nima
342 2653 375 2685 δὲ
401 2652 433 2684 ἐν
455 2654 502 2694 τῷ
526 2652 764 2696 περισπωμένῳ
788 2649 884 2689 ἁμᾶ,
911 2649 938 2682 n*
961 2653 1233 2696 προςτεθήσεται
1257 2654 1296 2687 τό
1322 2656 1353 2689 ἶ.
1384 2674 1419 2678 -
1474 2655 1585 2699 Greg.
1612 2656 1653 2690 C.

210 2709 275 2742 255
302 2707 375 2744 ἁμᾶ
400 2721 467 2750 pro
491 2708 578 2749 ὅμοι’·
602 2720 680 2743 esse
705 2709 808 2742 dicit.
845 2728 870 2732 —
927 2708 1065 2743 Scholl.
1099 2711 1207 2744 Pind.
1236 2712 1295 2746 ΟΙ.
1324 2712 1352 2753 1,
1378 2715 1420 2746 75
1445 2715 1555 2757 κρυφᾶ
1578 2714 1654 2746 Δω-

208 2769 301 2811 ρικῶς
327 2765 401 2799 ἀντὶ
427 2770 488 2799 *τοΐΙ
515 2766 638 2811 tonsura.
