1779 3079
565 169 641 216 Ad
676 168 891 216 Librum
925 170 1216 217 Secundum.
1504 170 1603 218 565

151 314 337 363 guntur:
372 307 520 362 (ὄρεσιν
549 308 591 348 h.
616 307 715 348 Cer.
736 306 812 356 52,
844 310 978 359 ⁴quzsog·
1008 308 1114 349 Lav.
1149 308 1261 350 Pall.
1295 309 1364 351 29.
1397 308 1466 350 75.
1503 309 1599 362 132,

148 375 192 415 h.
217 373 318 416 Cer.
351 374 392 417 8.
426 375 495 416 94.
531 375 636 426 112,
678 373 837 428 γώνατα
867 374 974 415 Lav.
1006 375 1118 416 Pall.
1151 376 1218 418 84.

259 441 400 483 Ibid.
438 450 546 484 not.
581 443 649 483 11.
711 440 879 483 Similia
920 442 1262 485 Choeroboseeis
1306 444 1512 500 leg-untur
1552 442 1599 482 in

146 509 442 566 Etymologici
472 508 566 550 cod.
599 509 742 550 Havn.
775 516 873 565 post
902 509 974 550 Et.
1002 509 1119 551 Gud.
1150 527 1193 568 p.
1214 510 1313 553 978.
1388 510 1599 551 Herodia-

146 577 192 618 ni
232 577 378 619 locum
416 576 627 619 Lehrsius
669 577 713 617 in
750 576 866 617 Mus.
911 576 1054 617 Rhcn.
1098 577 1209 618 Nov.
1244 577 1302 618 ΙΙ.
1344 592 1387 633 p.
1421 577 1502 619 345
1540 577 1598 618 ita

147 644 326 686 scribit:
372 644 559 698 „M'mdg
586 647 660 684 τέ(
700 642 777 698 γὰρ
821 644 972 696 λέγεται
1012 643 1114 684 κατὰ
1154 643 1352 685 διάλυσιν.
1440 644 1598 686 Parum

144 712 301 770 placet.

253 780 379 835 Pag.
414 780 493 821 163
525 780 556 821 l.
585 779 626 821 3.
688 778 816 820 Adde
848 780 974 820 ὸοῖλαι,
1006 778 1176 821 Gallim.
1210 779 1316 822 Lav.
1351 782 1462 823 Pall.
1495 783 1566 824 47.

253 848 382 905 Pag.
424 847 503 889 165
552 847 585 889 l.
619 846 671 888 15
711 863 862 905 seqq.
924 847 1064 889 Valde
1108 846 1301 903 poenitet
1345 850 1594 906 neglexisse

143 914 306 956 Suidac
337 916 550 971 glossam:
596 918 722 967 βῶν,
771 915 952 956 ἀσπίδα·
996 915 1187 968 Ἀργεῖοι.
1257 914 1353 957 Jam
1386 917 1502 958 enim
1531 918 1594 970 id,

141 982 259 1040 quod
287 982 449 1038 conjici
478 998 608 1040 posse
639 982 910 1024 dubitantius
941 983 1256 1035 indicavimus,
1297 983 1399 1025 satis
1432 991 1595 1026 certum

140 1051 347 1092 habemus
373 1070 383 1091 ι
432 1051 628 1108 Argivos
659 1067 754 1092 cum
786 1051 936 1108 paucis
967 1052 1150 1093 fortasse
1181 1050 1280 1092 aliis
1310 1050 1595 1094 Doriensium

139 1120 252 1172 (3039,
287 1122 394 1173 χώς,
437 1118 599 1170 Τύδης,
632 1121 707 1166 mig
738 1118 928 1169 dixisse,
962 1119 1102 1161 vocali
1133 1136 1181 1168 υ,
1218 1134 1345 1176 quam
1378 1135 1400 1160 e
1432 1119 1594 1176 digam-

137 1202 206 1227 ma
235 1193 369 1228 ortam
400 1193 595 1236 constat,
638 1186 788 1241 ejecta.

251 1254 376 1310 Pag.
410 1253 489 1295 ‘171
531 1254 562 1295 l.
595 1254 637 1295 7.
708 1253 828 1294 Idem
866 1255 1119 1309 Λωρίμαχος
1157 1253 1339 1295 traditur
1377 1255 1422 1296 in
1464 1254 1591 1296 titulo

136 1321 410 1364 Acarnanico
441 1322 594 1364 Leakii
633 1338 699 1363 nr.
736 1321 832 1363 164.

250 1390 380 1446 Pag.
414 1390 494 1431 173
524 1390 555 1432 l.
579 1390 619 1431 3.
680 1389 809 1431 Adde
843 1405 865 1430 e
896 1389 1046 1430 Rossii
1075 1389 1272 1431 Theraeo
1303 1406 1370 1430 nr.
1392 1390 1472 1432 198
1503 1389 1589 1439 τός,

139 1458 231 1500 Goo
262 1474 329 1499 nr.
364 1458 443 1500 195
473 1457 787 1513 προθυμοτέρος
818 1456 940 1505 αὑτός
980 1465 1021 1498 et
1059 1460 1152 1498 ποτὶ
1181 1456 1252 1505 τός
1279 1457 1397 1505 θεός.
1460 1457 1590 1498 Prae-

135 1533 251 1568 terea
289 1542 405 1567 nunc
446 1525 687 1578 discimus,
735 1525 1104 1581 Astypalaccnses
1139 1525 1287 1567 cadem
1317 1524 1589 1582 correptione

134 1609 236 1635 usos
268 1610 392 1648 esse,
426 1610 559 1651 quum
589 1610 656 1635 nr.
691 1592 771 1635 159
800 1593 971 1650 legatur
1002 1591 1199 1646 [ἀγα]θός
1231 1594 1412 1647 ἄνδρας,
1455 1609 1589 1650 quan-

134 1677 263 1719 quam
303 1662 348 1703 in
387 1659 725 1720 Astypalaeensi
761 1660 982 1703 Romanae
1023 1661 1173 1704 aetatis
1211 1661 1263 1702 C.
1296 1662 1333 1703 Ι.
1377 1677 1444 1703 nr.
1477 1659 1588 1703 2485

132 1729 203 1771 bis
236 1736 302 1771 cst
330 1729 443 1778 τούς.

244 1798 371 1854 Pag.
402 1798 484 1840 174
522 1798 553 1839 l.
589 1796 632 1840 9.
692 1796 800 1839 Item
831 1797 1012 1850 αἱρεθείς
1051 1795 1253 1854 Astypal.
1285 1796 1398 1839 2484
1435 1804 1478 1837 ct
1514 1812 1581 1836 nr.

134 1864 214 1908 159
246 1865 376 1907 Ross.

242 1933 387 1974 lbid.
429 1935 462 1975 l.
494 1933 565 1976 20.
625 1932 694 1975 De
734 1933 950 1986 βιοπλανές
988 1933 1046 1973 cf.
1088 1932 1159 1974 Et.
1202 1932 1265 1974 M.
1310 1932 1416 1985 198,
1449 1932 1501 1972 13
1544 1938 1586 1972 ct

130 2000 201 2043 Jo.
233 2001 363 2043 Alex.
399 2002 478 2054 15,
508 2002 579 2044 26.

242 2069 369 2126 Pag.
402 2070 484 2112 176
513 2086 589 2111 nr.
621 2069 662 2112 6.
724 2069 853 2110 Adde
885 2068 1096 2110 ἀπολείπειν
1125 2068 1258 2109 Ther.
1290 2068 1371 2111 198
1391 2067 1477 2119 R.,
1521 2068 1584 2106 δε-

133 2136 259 2177 δώκεν
296 2136 446 2194 Nisyr.
488 2138 569 2180 166
607 2153 684 2195 pro
727 2137 915 2178 ὁεδώκειυ
954 2137 1042 2179 vid.
1087 2132 1126 2192 ξ.
1162 2137 1248 2189 41,
1280 2137 1337 2189 33
1396 2134 1582 2176 Rossius

131 2205 242 2247 male
272 2205 453 2246 formam
487 2221 576 2246 non
605 2205 809 2248 Doricam
842 2205 1088 2256 ὁεὸωκείι[αι]
1120 2202 1325 2244 restituit.

241 2273 368 2330 Pag.
403 2271 484 2313 177
519 2273 550 2313 l.
582 2273 624 2314 7.
684 2273 796 2331 Leg.
830 2275 935 2314 τελέν
966 2287 1043 2329 pro
1073 2270 1198 2310 ’τεκέμ-

241 2340 383 2382 Ibid.
418 2340 449 2381 l.
471 2341 542 2382 21.
603 2341 655 2381 In
683 2341 812 2383 titulo
844 2339 1018 2397 quidem
1047 2337 1175 2378 Telio
1206 2353 1272 2378 nr.
1288 2337 1369 2379 169
1385 2336 1441 2379 R.
1473 2338 1581 2381 Bro-

131 2408 218 2451 chii
258 2407 633 2466 hypotrierarchae
674 2410 964 2466 apographum
1007 2405 1185 2463 praebet
1214 2410 1338 2453 καλος
1369 2409 1438 2446 καὶ.
1468 2412 1580 2449 λυσι-

128 2482 242 2525 τέλος
270 2483 313 2517 et
342 2475 499 2517 deinde
533 2475 865 2529 ἀπροφασιστος.
927 2473 1018 2515 Ubi
1047 2489 1180 2529 quum
1208 2472 1395 2514 Rossius
1425 2474 1501 2516 illa
1532 2476 1579 2517 in

128 2547 263 2592 καλῶς
292 2547 361 2585 καῖ
390 2546 602 2591 λυσιτελῶς
630 2544 884 2595 mutaverit,
937 2541 1086 2583 codem
1120 2539 1222 2594 jure
1255 2539 1578 2595 ἁπροᾳασίστως

129 2612 316 2654 scribere
338 2612 550 2666 dehebat5
590 2628 687 2652 nam
718 2610 977 2667 adjectivum
1004 2607 1076 2650 vix
1104 2607 1248 2648 locum
1277 2615 1432 2652 tuetur.
1493 2613 1577 2654 Te..

127 2690 215 2732 lios
245 2696 298 2722 ne
328 2679 498 2737 vulgari
529 2679 704 2738 quidem
737 2677 1009 2734 correptione
1045 2689 1147 2715 usos
1185 2690 1281 2717 esse
1320 2680 1443 2721 docet
1479 2680 1575 2722 infi-

127 2748 293 2791 nitivus
325 2747 725 2801 ἇνοικοὸομηθήμειν
752 2746 1021 2788 Rhodiorum
1053 2768 1214 2794 morem
1245 2756 1472 2807 sequutus,
