1779 3079
226 251 267 276 vl

228 371 343 415 adeo
381 386 438 414 ne
476 370 760 415 tenotomico
804 368 993 432 quidem
1035 368 1414 429 Diest'enbachii,
1475 371 1679 417 clarissi-

229 440 290 484 mi
328 439 442 495 viri,
499 436 698 483 artificio
735 439 854 483 victa
899 439 1137 500 inceptum
1177 455 1325 500 opus,
1372 438 1499 502 quod
1536 442 1679 486 unius

226 507 338 551 anni
371 506 523 569 spatio
558 504 738 550 absolvi
779 523 916 567 posse
963 505 1076 550 mihi
1117 523 1471 568 persuaseram,
1529 509 1678 554 conti·

229 575 363 620 nuari
402 574 578 631 vetuit,
633 572 782 619 donec
821 572 1086 619 obstinatae
1125 573 1316 619 dextrae
1355 592 1528 620 munus
1565 577 1680 620 sini-

225 651 320 688 stra
371 642 609 703 suscipere
670 641 941 702 ‹lidieisset3
1020 650 1066 688 et
1111 641 1374 688 Muellerus
1429 644 1678 689 immatura

224 718 374 756 morte
406 711 454 754 in
482 711 582 771 ipsa
606 708 803 755 Graecia
831 708 1055 771 abreptus
1093 709 1253 755 orbem
1291 718 1524 756 terrarum
1550 728 1677 758 acer-

223 778 418 824 bissimo
463 777 594 822 luctu
634 776 864 839 implevit.
969 778 1136 840 Itaque
1173 777 1303 823 aliud
1349 796 1521 825 nomen
1566 779 1678 826 huie

221 847 452 893 volumini
505 846 894 907 circumspiciens
947 847 1083 909 (nam
1136 844 1283 890 libros
1339 845 1673 893 defunctorum

223 914 439 961 manibus
485 912 734 958 dedicandi
779 930 957 958 morem
1002 930 1165 975 parum
1205 912 1404 975 probo),
1474 932 1567 960 non
1605 916 1676 960 in-

219 984 329 1029 veni
366 998 636 1046 quenquam
675 980 972 1044 digniorem,
1021 982 1097 1027 cui
1131 980 1217 1026 hae
1261 983 1558 1043 potissimum
1599 1000 1672 1028 ra·

220 1052 346 1096 tione
383 1051 592 1094 animum
633 1050 834 1094 amicum
874 1057 920 1095 et
964 1057 1151 1113 gratum
1199 1049 1472 1112 profiterer,
1533 1068 1674 1114 quam

218 1119 321 1177 Te,
388 1118 458 1162 mi
511 1116 904 1175 Lachmanne,
979 1119 1062 1181 qui
1113 1116 1169 1162 dc
1217 1119 1370 1179 primo
1419 1117 1543 1164 libro
1580 1126 1672 1164 tam

215 1185 446 1232 benevole
481 1183 802 1247 judicaveris,
864 1194 915 1231 ut
948 1184 1038 1231 hoc
1075 1186 1307 1231 amicitiae
1345 1203 1451 1232 eum
1490 1204 1674 1232 summo

218 1272 320 1301 meo
356 1252 530 1317 gaudio
572 1255 696 1298 inter
741 1271 826 1298 nos
872 1262 1138 1300 contractae
1176 1254 1322 1298 suerit
1359 1255 1669 1317 principium,

218 1324 301 1386 qui
337 1321 685 1367 Diess'enbacbii
733 1330 879 1366 artem
918 1331 1171 1384 experturo
1209 1320 1553 1385 benignissime
1590 1321 1672 1368 ho-

214 1392 407 1453 spitium
446 1389 603 1434 Tuum
651 1387 908 1448 obtuleris,
975 1391 1289 1452 semiaegrum
1331 1407 1416 1452 per
1456 1391 1670 1453 quinque

213 1457 534 1504 hebdomades
572 1475 656 1520 pro
690 1457 832 1503 fratre
870 1475 1096 1521 germano
1131 1457 1333 1516 foveris,
1393 1457 1668 1503 subtristem

213 1528 492 1572 suavissima
553 1524 939 1572 confabulatione
1004 1525 1373 1583 exhilaraveris,
1454 1527 1667 1589 peregri-

213 1613 326 1641 num
364 1596 412 1639 in
449 1594 960 1656 praestantissimorum
995 1594 1242 1639 hominum
1273 1593 1666 1639 consuetudinem

213 1671 259 1709 et
297 1661 662 1707 familiaritatem
712 1661 998 1720 adduxeris,
1059 1662 1267 1725 denique
1309 1661 1491 1707 Tuum
1531 1661 1665 1707 illum

213 1731 329 1776 mihi
365 1729 553 1775 abunde
596 1728 871 1776 exhibueris
908 1729 1188 1788 candorem,
1247 1747 1386 1793 quem
1421 1731 1453 1774 ii
1490 1728 1665 1793 quibus

211 1800 407 1862 propius
446 1797 517 1843 Te
558 1815 843 1861 cognoscere
896 1799 1098 1861 contigit
1141 1815 1236 1843 non
1285 1799 1440 1843 minus
1484 1806 1661 1854 amant,

210 1885 349 1931 quam
399 1865 660 1910 doctrinam
703 1866 854 1910 Tuam
901 1865 1211 1928 multiplicem
1266 1873 1311 1910 et
1358 1866 1662 1928 sagacitatem

209 1934 504 1979 admirantur
543 1950 719 1978 omnes.

344 2000 446 2045 Nec
484 2009 744 2062 temperare
782 1999 898 2045 mihi
936 2017 1128 2062 possum
1167 2002 1283 2064 quin
1323 1999 1413 2046 hoc
1450 1999 1553 2046 loco
1589 2018 1662 2047 re-

207 2069 447 2132 liquorum
502 2085 692 2131 quoque
747 2067 1157 2126 Berolinensium,
1231 2086 1432 2132 quorum
1481 2069 1659 2132 insigni

206 2136 497 2182 humanitate
535 2153 650 2180 usus
686 2153 820 2193 sum,
889 2137 1158 2182 memoriam
1198 2138 1468 2199 gratissimo
1502 2137 1660 2182 animo

206 2205 382 2251 colam:
460 2203 782 2261 Boeclzhii,
845 2203 1105 2249 Clarissimi
1144 2204 1277 2262 Viri,
1327 2205 1409 2267 qui
1446 2203 1659 2267 reliquae

205 2273 413 2318 comitati
451 2271 498 2316 id
535 2271 734 2333 adjecit,
783 2279 835 2316 ut
866 2273 1025 2334 copias
1063 2273 1112 2317 in
1152 2274 1377 2334 Corporis
1407 2272 1654 2334 inscripti-

205 2357 348 2386 onum
397 2339 683 2386 Graecarum
730 2357 867 2384 usum
909 2348 1157 2403 congestas
1200 2341 1314 2385 mihi
1366 2338 1656 2402 perlustran-

205 2407 288 2453 das
337 2416 411 2466 et,
493 2415 721 2471 quantum
773 2407 945 2453 licebat
992 2406 1232 2453 scribendi
1283 2407 1503 2453 facultate
1556 2414 1654 2452 tum

205 2475 303 2522 sere
350 2475 600 2533 destituto,
659 2475 980 2537 excerpendas
1016 2475 1323 2535 concederet3
1394 2475 1651 2530 Franzii,

203 2561 298 2606 quo
346 2544 465 2590 nihil
510 2552 579 2590 est
620 2544 851 2588 sincerius
896 2552 941 2588 et
983 2543 1268 2599 officiosius,
1343 2543 1424 2606 qui
1468 2541 1652 2605 reliqua

203 2629 285 2656 sua
345 2613 393 2656 in
453 2629 526 2657 me
581 2610 808 2657 beneficia
867 2612 1200 2673 inscriptiones
1257 2611 1539 2674 Cyrenaicas
1602 2610 1651 2654 in

204 2696 356 2724 meum
429 2697 566 2724 usum
632 2678 913 2723 nitidissime
986 2678 1296 2725 describendo
1362 2675 1649 2736 cumulavit3

200 2746 512 2803 Meinelzii‚
578 2764 718 2810 quem
766 2747 872 2792 Tuo
917 2764 1099 2804 amore,
1173 2748 1255 2808 qui
1302 2754 1373 2791 est
1415 2760 1648 2802 summus,

201 2813 419 2876 amplecti
466 2815 640 2860 didici:
715 2822 976 2860 ceterorum
1031 2822 1218 2877 practer
1262 2814 1331 2859 Te
1379 2821 1423 2858 et
1467 2813 1648 2858 Mefine-
