1779 3079
334 192 374 251 §-
399 192 477 240 24.
519 194 591 239 De
613 213 640 237 α
667 208 779 240 cum
804 209 895 254 seq.
931 195 1080 241 vocal.
1110 205 1369 243 contracto.
1482 198 1576 248 195

776 325 819 378 g.
862 326 931 367 24.

270 437 351 469 Be
376 448 400 467 a
424 444 534 468 cum
558 436 875 475 sequentibus
902 436 1151 468 vocalibus
1176 442 1439 472 contracto.

248 535 292 585 1)
350 532 589 575 Dorienses
619 531 788 574 vocales
819 547 865 572 αε
893 530 938 572 in
960 550 1011 581 η,
1044 547 1130 573 non
1160 532 1206 574 in
1238 540 1262 573 ᾶ
1294 536 1576 590 contraxisse,

134 600 399 657 grammatici
431 598 684 656 saepissime
723 606 933 640 testantur
954 601 1011 652 1),
1060 600 1269 657 exemplis
1309 618 1331 642 e
1373 604 1578 660 conjuga-

134 670 253 710 tione
283 674 493 709 contracta
522 666 683 724 petitis.
743 666 871 709 Nune
902 667 947 708 in
978 667 1229 710 melioribus
1260 669 1453 712 fontibus
1474 673 1577 713 haec

135 736 328 791 exempla
367 735 594 791 leguntur:
641 734 686 775 in
717 735 893 792 antiquo
922 735 1048 777 titulo
1078 735 1295 778 Laconico
1326 737 1479 778 Leakii
1509 755 1575 780 nr.

131 803 184 844 71
215 803 323 851 ἐνίκη
354 818 430 859 pro
461 803 573 843 ἐνίκα
601 818 653 844 ex
683 803 841 852 ἐνίκαε,
890 802 934 843 in
965 802 1268 861 epigrammate
1299 804 1465 862 Arg-ivo
1510 822 1575 847 nr.

134 869 187 911 55
216 869 344 911 Ross.
376 871 492 920 νίκη,
534 870 686 927 Epich.
722 870 802 911 117
833 871 912 926 ὁρῇ
941 886 992 911 ex
1023 870 1165 923 ὁράει,
1206 873 1276 926 94,
1310 873 1363 915 12
1394 872 1469 926 ὅρη
1501 872 1578 913 im-

131 937 372 993 perativus,
409 937 487 979 115
510 941 625 991 σιγῆν
655 938 786 989 (unde
816 937 1082 979 correximus
1115 942 1230 993 σιγᾷν
1254 940 1376 993 130),
1412 944 1579 994 ῥογκιῆυ

131 1004 290 1063 Epieh.
333 1005 445 1063 apud
474 1005 770 1063 Hesychiruu,
815 1005 929 1062 apud
962 1004 1232 1063 Sophronem
1274 1008 1327 1049 fr.
1361 1008 1415 1049 45
1457 1009 1575 1065 ὁρῇς,

131 1073 186 1115 46
225 1074 335 1129 παδῇ
372 1089 449 1130 pro
480 1075 619 1124 πηδᾷ,
667 1073 722 1115 66
760 1074 970 1125 ἐλωβῆτος
1014 1074 1208 1115 Archim.
1241 1075 1377 1117 Aren.
1418 1092 1461 1133 p.
1497 1077 1579 1118 322

133 1141 305 1195 ὁρῆῖαι5
351 1141 496 1181 Alem.
528 1141 555 1183 9
587 1138 681 1195 (12)
717 1143 914 1194 ποτῆται,
960 1142 1149 1183 Acharn.
1182 1142 1265 1185 766
1295 1143 1451 1197 ἐρώτη,
1495 1144 1580 1186 700

130 1211 296 1261 πεινῆν,
342 1208 425 1250 744
458 1210 574 1264 σιγῇς·
595 1208 657 1262 2),
700 1208 783 1250 800
822 1211 1050 1264 πειρῆσθες
1095 1209 1282 1266 Lysistr.
1317 1210 1426 1253 ’1080
1457 1212 1574 1264 ὁρῆν,

131 1275 210 1317 171
253 1277 477 1328 πλαδδιῆν,
524 1275 608 1318 990
645 1276 844 1325 πλαδδίη,
892 1277 997 1318 ’1321
1029 1276 1138 1327 πάδη
1183 1277 1460 1335 imperativus
1499 1294 1578 1335 pro

129 1342 254 1393 πήδα.
343 1343 554 1400 Exempla
595 1359 618 1384 a
665 1342 872 1400 stirpibus
922 1344 1232 1401 monosyllabis
1283 1345 1406 1386 dueta
1462 1361 1576 1386 nune

130 1409 394 1463 omittimus,
434 1411 521 1451 vid.
555 1410 596 1463 ἓ.
628 1411 684 1452 42
716 1410 767 1451 de
797 1414 878 1460 λῶ,
913 1415 995 1461 ζεῦ,
1029 1415 1105 1464 stoi.

242 1478 511 1520 Adversatur
541 1479 723 1531 ἐπερωτᾷ
758 1477 803 1518 in
843 1479 968 1520 titulo
997 1479 1234 1536 Anaphaeo
1264 1479 1413 1522 Rossii
1452 1495 1517 1520 nr.
1554 1480 1574 1519 l

129 1545 161 1588 l.
193 1546 272 1598 24,
318 1545 434 1603 quod
480 1562 565 1587 non
608 1553 722 1587 reete
764 1547 922 1587 lectum
962 1554 1026 1588 est
1064 1554 1136 1588 aut
1174 1548 1405 1589 recentiori
1451 1547 1577 1588 aetati

131 1613 325 1655 debetur.
390 1612 550 1654 Contra
581 1612 796 1654 ἔπελάσθω
828 1613 872 1654 in
905 1613 1021 1654 tabb.
1055 1614 1229 1656 He1·.ael
1260 1616 1307 1667 I,
1340 1615 1418 1664 79,
1469 1630 1575 1671 quae

131 1687 197 1721 est
224 1680 347 1722 tertia
376 1661 555 1738 plulalis
586 1680 855 1737 imperativi,
903 1697 1034 1738 quum
1073 1698 1125 1723 ex
1166 1683 1398 1722 ἐπεὶαέσθω
1430 1690 1577 1722 eontra

130 1747 335 1790 Doricam
365 1747 722 1790 consuetudinem
753 1756 896 1790 natum
927 1749 1148 1803 videatur,
1178 1749 1419 1790 accuratius
1449 1765 1575 1807 quae-

177 1900 211 1937 1)
259 1899 318 1932 Et.
346 1899 396 1932 M.
423 1900 511 1940 410,
537 1901 583 1933 49
610 1918 651 1924 -
680 1900 765 1941 413,
793 1902 856 1942 13,
896 1899 993 1933 Gud.
1018 1901 1107 1942 231,
1133 1900 1176 1933 24
1202 1918 1243 1923 -
1270 1900 1357 1941 233,
1383 1899 1444 1940 22,
1482 1899 1576 1931 Anu.

129 1955 230 1990 Oxx.
257 1956 296 1999 Ι,
326 1957 409 1998 181,
436 1957 500 1999 25,
540 1956 677 1989 Herod.
711 1957 747 1990 in
781 1958 826 1990 H.
856 1957 926 1991 Ad.
960 1959 1043 1999 190,
1071 1957 1093 1989 b
1130 1964 1165 1990 et
1202 1957 1282 1997 207,
1309 1967 1352 1998 a,
1388 1956 1572 1990 Choerob.

129 2013 252 2046 Bekk.
280 2015 387 2056 1282,
425 2016 521 2048 Αηῃ.
558 2014 658 2048 Oxx.
692 2014 762 2057 IV,
788 2016 871 2056 172,
897 2017 939 2056 3,
977 2015 1041 2057 qui
1073 2014 1151 2047 fere
1176 2014 1300 2047 Attica
1333 2012 1407 2060 ζῇς,
1449 2016 1576 2060 πεινῇς,

129 2072 229 2117 διψῇς
252 2082 272 2104 e
297 2071 437 2104 Dorica
463 2071 715 2105 contractione
740 2072 951 2116 explicant,
979 2079 1015 2105 ut
1040 2071 1275 2104 Homericum
1300 2074 1343 2114 τῆ
1368 2083 1388 2104 e
1411 2084 1471 2103 ταε
1500 2070 1575 2104 Do-

130 2127 210 2161 rice
235 2134 353 2161 ortum
378 2127 516 2161 dicitur
541 2129 600 2162 Et.
628 2130 678 2162 M.
707 2131 793 2172 756,
820 2131 883 2171 23,
921 2129 1014 2162 Gud.
1040 2131 1125 2171 528,
1152 2131 1185 2163 5.
1250 2128 1384 2161 Doridi
1420 2128 1576 2172 propria

130 2185 337 2218 afferuntur
362 2185 398 2217 in
424 2185 482 2219 Et.
511 2186 562 2220 M.
590 2188 677 2228 201,
704 2188 748 2220 52
781 2190 862 2233 βοῇς
889 2194 923 2220 et
947 2188 1064 2233 γελῇς,
1104 2188 1189 2226 751,
1217 2189 1234 2220 7
1260 2189 1362 2232 βοῇς,
1395 2184 1495 2232 ὁρῇς,
1521 2198 1573 2217 τι·

130 2244 212 2289 μῇςς
251 2243 347 2276 Ann.
373 2243 471 2277 OXX.
497 2243 534 2285 I,
562 2245 645 2285 191,
671 2245 714 2279 32
739 2245 873 2288 ἔφοὶτη,
907 2244 1007 2289 gelih]
1045 2251 1082 2278 et
1116 2255 1136 2276 e
1169 2244 1382 2277 Stesichoro
1416 2242 1574 2285 ποταιῗδη

131 2310 200 2344 pro
225 2298 413 2345 προςηύδοι.
478 2301 585 2334 Adde
611 2301 656 2335 de
683 2299 745 2347 ὅρη
775 2310 811 2336 et
836 2302 1053 2347 Sophroneo
1086 2302 1223 2343 πίμπλη
1253 2301 1312 2341 (fr.
1340 2302 1399 2343 49)
1434 2299 1573 2334 Herod.

130 2356 170 2390 in
194 2357 253 2391 Et.
281 2357 333 2390 M.
360 2359 448 2399 478,
478 2359 541 2399 13,
577 2358 674 2392 Gud.
700 2361 788 2401 288,
814 2361 878 2402 21;
917 2360 962 2393 de
988 2357 1107 2405 ὁρῆτε,
1141 2357 1238 2400 quod
1265 2357 1471 2391 Zenodotus
1498 2357 1574 2388 Ho-

130 2425 233 2448 mero
261 2414 480 2456 vindicavit,
508 2414 647 2449 Scholl.
676 2416 720 2449 Il.
747 2430 787 2458 α,
812 2419 868 2451 56.
898 2419 983 2458 198;
1022 2417 1067 2449 de
1090 2415 1174 2461 ὁρῆν
1199 2414 1359 2448 Macrob.
1390 2413 1426 2446 ΙΙ
1453 2424 1475 2457 p
1506 2415 1574 2448 325

130 2472 189 2506 ed.
220 2471 304 2515 Bip.
367 2472 464 2505 Hinc
499 2473 523 2504 ἆ
555 2472 694 2506 Dorice
726 2473 761 2506 in
795 2488 817 2518 η
851 2475 981 2508 mutari
1013 2474 1150 2508 dicitur
1183 2473 1241 2506 Et.
1270 2472 1314 2505 G.
1345 2473 1430 2513 156,
1455 2472 1499 2505 28
1530 2489 1572 2494 -—

129 2531 219 2572 193,
248 2531 289 2564 15
314 2535 384 2563 etc.

177 2588 214 2629 2)
262 2586 380 2620 Recte
404 2586 593 2630 Bergkius
618 2587 655 2620 in
682 2587 776 2621 Mus.
804 2587 923 2622 Rhen.
951 2589 1043 2622 Nov.
1080 2587 1097 2620 I
1132 2598 1166 2630 p.
1195 2588 1238 2621 89
1264 2584 1376 2620 scribi
1401 2585 1509 2627 jussit
1532 2584 1573 2619 οὗ

130 2646 295 2689 χρῆσθας
322 2647 435 2687 σιγᾷςς
462 2644 533 2677 nisi
561 2645 658 2687 quod
684 2656 703 2677 e
728 2645 950 2678 scholiorum
979 2644 1138 2678 lectione
1164 2647 1259 2686 σιγᾶς
1285 2643 1473 2685 vulgarem
1500 2643 1572 2675 sor-

132 2711 224 2734 mam
249 2701 429 2745 restituit,
466 2712 576 2745 quum
602 2701 761 2735 omnium
786 2701 964 2736 librorum
991 2702 1103 2737 lectio
1129 2704 1222 2746 σιγῆς
1246 2700 1368 2745 potius
1397 2700 1573 2735 Doricum

134 2760 224 2804 σιγῇς
248 2766 437 2793 monstret.

1242 2831 1318 2872 13·
