1779 3079
539 216 579 276 §.
615 219 659 267 4.
730 219 806 265 De
840 217 1025 280 spiritu.
1449 220 1514 268 37

66 355 213 398 rivatis
254 354 405 410 ὁρίζω,
470 353 654 409 όρισταί,
715 353 911 407 ἄπορος,
972 354 1096 408 cujus
1138 354 1326 395 nominis
1369 354 1515 396 Ionica

65 423 203 464 forma
243 419 368 477 οὖρος
409 437 542 479 aeque
586 419 675 461 leni
721 419 929 461 instructa
965 427 1055 468 est,
1117 421 1236 475 ἁλία,
1299 422 1512 473 concio,

18 518 20 523 ι
64 490 182 548 quod
222 505 354 547 quum
383 489 434 529 ab
467 488 565 537 ἁλής
593 487 662 529 vel
693 486 795 537 ἁλής
835 488 865 529 i.
899 504 937 529 e.
973 486 1122 536 ἀολλής
1153 488 1408 543 descendat,
1456 489 1514 531 le-

64 557 133 599 nis
164 557 341 616 spiritus
372 555 588 612 antiquior
626 571 721 596 esse
759 555 954 609 videtur,
1008 553 1200 607 ἁμαξιτὸς
1231 571 1327 596 cum
1359 557 1515 598 Home-

64 625 153 667 rica
183 631 226 667 et
252 623 419 681 vulgari
448 623 598 680 lingua
627 638 706 680 pro
736 622 883 663 Attico
916 622 1123 674 ἁμαξιτός.
1184 622 1408 664 Postremo
1439 640 1515 664 nu-

63 693 220 735 merale
250 695 290 740 ἕξ
321 707 418 733 cum
450 690 649 732 derivatis
679 690 891 747 digamma
920 689 1176 732 instructum
1205 698 1285 731 est.

176 761 218 809 3)
277 759 313 801 E
361 757 542 816 reliquis
583 758 775 800 fontibus
817 773 953 815 pauca
998 758 1049 799 de
1094 757 1248 815 spiritu
1293 767 1512 815 apparent.

63 828 210 886 Asper
247 841 326 885 pro
365 825 533 883 vulgari
562 825 650 866 leni
681 842 703 868 e
734 825 877 867 tenuis
905 826 1138 867 mutatione
1168 825 1443 882 cognoscitur
1471 825 1516 866 in

65 896 320 949 ἐφακεῖσθαι
348 893 511 951 Delph.
553 892 689 948 1688,
727 894 796 936 37.
828 893 880 935 41
924 892 975 933 ab
1017 892 1212 934 ἀκεῖσθαι
1249 900 1291 934 et
1336 892 1380 933 in
1419 893 1515 934 καθ’

66 962 246 1004 ἐνιαυτόν
274 962 409 1003 Ther.
439 961 576 1014 2448,
606 960 697 1014 VI,
738 961 817 1014 25,
861 963 1027 1011 (contra
1068 960 1152 1001 κατ’
1184 960 1364 1002 ἐνιαυτόν
1396 961 1513 1002 Cret.

64 1029 203 1084 2556,
231 1030 304 1079 65)
336 1028 452 1086 quod
480 1029 590 1070 hene
621 1027 841 1085 conspirat
869 1044 966 1069 cum
990 1031 1105 1082 ἕνος,
1137 1035 1183 1069 ut
1199 1028 1358 1070 rectius
1385 1028 1516 1070 scribi

66 1098 237 1141 videtur
265 1113 392 1155 quam
423 1096 528 1144 ἔνυς.
602 1095 773 1137 Deinde
807 1095 908 1147 ἁμάς
937 1111 1016 1153 pro
1049 1095 1151 1147 (ἐμός
1187 1096 1219 1136 i.
1250 1112 1289 1137 e.
1330 1114 1390 1144 τις
1419 1112 1516 1153 pro-

65 1165 308 1208 nuntiatum
338 1180 461 1216 esse,
520 1163 676 1205 docent
711 1166 916 1216 μηθαμῶς
955 1170 997 1203 et
1026 1162 1275 1215 μηθαμόθεν
1305 1163 1350 1203 In
1380 1163 1517 1205 titulis

64 1233 266 1287 Dorieis‚
324 1231 412 1274 vid.
453 1227 493 1289 ἓ.
530 1231 604 1281 10,
636 1231 689 1285 7,
750 1247 800 1272 ex
841 1231 1017 1288 antiquo
1047 1247 1190 1284 more,
1250 1246 1380 1287 quum
1415 1231 1516 1283 ἅμα,

65 1300 238 1343 semel
268 1306 449 1356 cognata
480 1299 592 1352 sint‚
622 1298 708 1340 vid.
739 1295 778 1355 ξ.
805 1298 884 1353 10,
916 1300 957 1341 8.
1018 1299 1212 1340 Lacones
1245 1298 1326 1338 ἅνω
1359 1298 1518 1340 dixisse

65 1375 114 1410 ut
141 1367 315 1410 Atticos
348 1366 481 1421 ἀνύω,
528 1373 644 1423 patet
672 1382 695 1407 e
727 1366 922 1414 κασάνεις
951 1366 982 1407 i.
1015 1382 1051 1407 e.
1087 1365 1310 1415 καθάνεις,
1354 1365 1441 1407 vid.
1474 1365 1515 1419 ξ.

64 1436 119 1490 7,
153 1437 197 1479 2.
258 1435 483 1476 Postremo
513 1433 658 1475 Dores
695 1437 782 1475 ἕστε
819 1450 899 1491 pro
941 1433 1028 1474 ἔστε
1065 1434 1298 1491 protulisse
1327 1434 1519 1474 reserun-

64 1511 137 1545 tur
157 1504 217 1557 2),
249 1509 292 1544 et
321 1502 481 1559 legitur
510 1501 567 1542 ita
598 1502 642 1542 in
673 1501 799 1543 bonis
824 1501 1047 1543 Theocriti
1076 1501 1200 1542 libris
1230 1501 1268 1554 Ι,
1287 1502 1328 1543 6.
1361 1501 1422 1555 V,
1446 1501 1517 1543 22.

66 1571 156 1622 VI,
190 1571 259 1614 32.
305 1570 420 1623 VII,
451 1570 531 1623 67,
594 1585 839 1627 quanquam
880 1570 961 1610 hoc
1002 1585 1055 1610 ex
1085 1570 1125 1617 ἐς
1157 1570 1239 1623 ὅ,τε
1269 1576 1408 1609 ortum
1439 1574 1517 1617 est,

67 1655 153 1681 non
185 1655 239 1680 ex
275 1640 315 1686 ἐς
347 1638 435 1687 ὅτε,
494 1638 611 1694 quod
640 1637 800 1679 Dorice
841 1638 880 1685 ἐς
910 1636 990 1678 ὅκα
1030 1642 1226 1690 sonaret,
1287 1651 1429 1693 neque
1468 1651 1521 1676 ex

69 1712 213 1758 ἔωςτε,
245 1714 292 1747 ut
321 1705 585 1763 grammatici
615 1705 780 1747 volunt.

182 1774 314 1817 Lenis
351 1788 429 1830 pro
462 1788 614 1830 aspero
657 1772 865 1829 assumpti
895 1772 1089 1829 exempla
1119 1771 1262 1829 paullo
1293 1769 1522 1812 incertiora

69 1851 183 1886 sunt.
258 1842 308 1883 In
349 1840 524 1898 antiquo
562 1840 688 1881 titulo
717 1840 884 1897 Argivo
916 1840 967 1882 C.
1002 1841 1037 1881 l.
1079 1856 1145 1881 nr.
1177 1840 1232 1892 2,
1287 1837 1362 1879 ubi
1398 1852 1523 1895 asper

67 1920 135 1954 ter
162 1909 322 1967 legitur
350 1908 394 1949 in
425 1907 604 1950 articulo
624 1939 637 1961 ,
670 1907 842 1949 nomina
870 1907 1043 1966 propria
1073 1908 1271 1960 Ιπομεὸον
1300 1905 1330 1946 i.
1365 1921 1403 1946 e.
1432 1906 1520 1945 ‘ln-

69 1979 256 2032 πομέὸων
296 1983 338 2018 et
375 1980 551 2024 Τνασιος
591 1991 743 2033 aspero
780 1982 952 2029 carent,
1013 1975 1126 2017 unde
1166 1974 1371 2030 colligere
1402 1972 1520 2025 licet,

69 2046 270 2104 antiquos
299 2043 488 2101 Argivos
528 2059 668 2100 neque
707 2043 861 2084 initiali
902 2060 925 2083 υ
964 2059 1134 2101 semper
1171 2057 1368 2099 asperum
1407 2039 1522 2081 addi-

73 2114 187 2155 disse
217 2120 260 2154 et
286 2112 428 2153 lenem
457 2110 503 2152 in
533 2116 656 2158 ἵππος
686 2126 739 2152 ex
768 2110 1066 2167 antiquissima
1093 2110 1242 2166 lingua
1283 2106 1388 2163 (vid.
1420 2108 1469 2149 L.
1501 2107 1520 2148 l

72 2182 114 2235 ξ.
136 2182 188 2234 4,
217 2180 263 2229 9)
292 2178 493 2220 traditum
523 2193 730 2220 servasse.
792 2178 962 2219 Deinde
993 2177 1037 2218 in
1068 2176 1367 2234 antiquissimo
1398 2174 1521 2216 titulo

72 2249 270 2290 Theraeo
308 2262 375 2287 nr.
410 2247 477 2288 11.
509 2246 562 2287 Β.
603 2261 759 2287 nomen
799 2245 1023 2302 proprium
1063 2250 1189 2298 [αρου
1233 2244 1262 2285 i.
1295 2260 1335 2286 e.
1373 2242 1522 2294 Ἰάρωιν

74 2330 227 2374 aspero
260 2319 402 2366 earet,
433 2328 677 2371 quanquam
707 2320 750 2354 et
778 2313 824 2354 in
853 2312 1155 2354 vetustissimis
1184 2311 1273 2353 illis
1302 2308 1523 2366 inscripti—

75 2383 232 2424 onibus
260 2379 469 2422 Theraeis
510 2380 649 2438 asperi
689 2380 860 2437 signum
899 2397 1116 2438 nunquam
1156 2379 1399 2436 neglectum
1428 2391 1522 2417 esse

75 2450 245 2493 videtur
284 2456 327 2489 et
361 2446 513 2498 Ἴάρων
557 2463 752 2504 asperum
782 2448 910 2489 habet
939 2448 983 2489 in
1014 2448 1134 2505 galea
1164 2445 1368 2487 Hieronis
1400 2444 1450 2485 C.
1485 2443 1518 2483 I.

77 2535 145 2560 nr.
179 2517 232 2559 16
269 2522 312 2557 et
341 2515 385 2555 in
415 2514 660 2556 didrachmo
690 2515 963 2568 Crotoniata,
1007 2515 1094 2556 vid.
1127 2512 1445 2556 Raoul-Roeh.
1477 2509 1521 2550 in

78 2584 194 2627 Mus.
228 2584 370 2625 Rhen.
407 2582 515 2624 1835
556 2597 601 2639 p.
631 2582 710 2636 87,
755 2583 874 2637 ἱαρός
904 2584 949 2624 in
975 2582 1132 2624 tabulis
1162 2577 1523 2622 Heracleensibus

124 2730 161 2773 2)
209 2730 267 2764 Et.
296 2731 346 2764 M.
374 2731 460 2771 382,
483 2731 515 2765 8.
565 2731 633 2767 ἔςτε
661 2749 698 2754 -
727 2730 865 2777 Δωριεῖς
896 2731 931 2763 δὲ
960 2730 1179 2769 danaum-w,
1227 2727 1300 2761 ἀπὸ
1334 2732 1393 2761 τοῦ
1429 2728 1520 2766 ἔωςτε

82 2786 170 2821 κατὰ
194 2788 365 2832 σι’γκοπήν
391 2786 569 2833 ἡγούμενοι
593 2781 686 2821 εἶναι.
