1779 3079
334 209 377 268 ᾗ.
410 211 488 256 20.
561 211 634 256 De
671 229 697 265 η
732 224 817 270 pro
850 228 885 254 ει
915 217 960 254 et
996 229 1027 253 ω
1058 224 1143 270 pro
1179 228 1244 254 ov.
1415 206 1510 256 157

70 343 199 385 ricam
233 344 410 384 formam
441 342 727 401 redegerunt?
787 341 984 382 Genuina
1014 342 1184 385 Italicae
1215 342 1393 385 Doridis
1424 345 1507 386 for-

32 414 33 417 ’
71 427 138 452 ma
168 418 233 453 est
263 412 406 464 ἑσσιά,
436 411 523 452 vid.
557 412 598 463 ξ.
631 410 700 452 40.

156 480 201 530 (l)
260 478 546 520 Accusativus
575 475 753 534 pluralis
786 475 1088 519 declinationis
1125 478 1338 520 secundae
1366 478 1410 520 in
1441 495 1508 520 se-

71 547 237 589 veriore
269 546 433 588 Doride
454 544 489 597 6)
531 544 576 584 in
610 561 665 591 ως
695 544 808 597 exit,
856 551 902 585 ut
930 543 1065 596 νόμως
1096 561 1172 602 pro
1203 545 1371 597 νόμους,
1420 547 1508 589 nisi

71 615 187 672 quod
218 614 342 671 pauci
373 613 602 654 Cretenses
632 611 854 669 antiquum
886 628 953 659 ονς
981 619 1205 653 tenuerant
1242 612 1330 653 vid.
1363 614 1404 666 ξ.
1440 616 1505 664 14,

70 683 265 740 plerique
297 696 392 721 cum
425 679 656 736 Cyrenaeis
686 679 1027 721 terminationem
1071 680 1116 720 in
1147 698 1192 727 ος
1222 680 1508 738 corripiebant

70 751 158 792 vid.
190 751 231 802 ξ.
262 749 343 797 21,
377 749 416 788 1.
477 747 603 788 Illius
633 747 943 788 terminationis
977 765 1031 795 ως
1063 747 1285 789 innumera
1315 751 1508 806 exempla

70 825 169 859 sunt
197 816 310 877 apud
339 815 593 856 Alcmanem
635 824 676 857 et
711 815 755 856 in
786 815 1049 873 Lysistrata,
1096 815 1140 856 in
1178 816 1335 858 tabulis
1375 816 1508 858 Hera-

68 884 312 926 cleensibus
343 886 407 936 (ut
435 880 515 929 τώς
542 882 679 936 χόρως
709 881 789 930 τοὶς
817 882 946 935 ἱαρώς
967 881 1072 937 etc.)
1105 890 1146 925 et
1174 883 1300 925 titulo
1319 883 1506 938 Bruttio,

67 968 147 994 nec
187 950 331 992 minus
369 951 414 991 in
455 966 541 991 uno
573 949 744 992 Cretico
786 967 850 991 nr.
882 951 1007 993 2554.
1066 951 1192 993 Adeo
1230 952 1275 993 in
1315 952 1507 993 sontibus

67 1020 211 1061 minus
242 1018 396 1071 certis,
443 1017 489 1058 in
519 1019 713 1074 epistolis
746 1018 946 1061 Chilonis
976 1019 1190 1072 Laconis,
1235 1019 1509 1076 Epimenidis

70 1087 318 1136 Cretensis,
351 1086 567 1143 Archytae
598 1093 639 1127 et
660 1086 837 1142 Lysidis
864 1086 1224 1138 Tarentinorum,
1257 1103 1336 1129 nec
1365 1087 1510 1130 minus

68 1156 113 1197 in
143 1155 325 1212 reliquis
348 1153 845 1210 Pseudo-Pythagoricis
874 1170 921 1195 ea
951 1154 1179 1196 sevcrIoris
1204 1154 1383 1196 Doridis
1413 1171 1509 1213 pro-

67 1223 226 1282 prietas
258 1221 416 1264 servari
448 1222 570 1263 solet.
632 1222 683 1262 In
722 1222 848 1263 titulo
878 1222 1049 1278 Tegeae
1075 1229 1243 1280 reperto
1275 1223 1327 1264 C.
1360 1223 1396 1263 l.
1437 1239 1505 1264 nr.

68 1291 175 1333 1511
195 1320 207 1343 ,
251 1290 375 1345 cujus
405 1289 633 1331 dialectum
662 1289 921 1331 Laconicam
954 1306 1050 1332 esse
1079 1290 1290 1343 diximus,
1336 1298 1511 1348 propter

67 1358 285 1416 antiquam
316 1356 596 1414 scripturam,
629 1373 711 1415 qua
748 1362 782 1397 O
813 1374 889 1416 pro
921 1375 967 1407 0,
1002 1375 1031 1397 ω
1064 1366 1105 1399 et
1134 1376 1180 1400 ov
1210 1358 1410 1415 ponitur,
1440 1358 1510 1399 ni-

66 1427 131 1468 hil
170 1425 275 1468 certi
311 1433 511 1482 apparet3
557 1425 633 1467 sed
673 1426 702 1468 l.
735 1426 791 1468 22
828 1426 979 1479 χιλίους
1017 1426 1127 1468 male
1166 1442 1189 1467 a
1226 1426 1510 1468 Fourmontio

67 1494 177 1535 tradi
207 1509 457 1551 persuasum
487 1493 721 1546 habemus,
763 1509 896 1550 quum
921 1501 1138 1551 praeterea
1167 1493 1333 1536 nullum
1363 1510 1511 1535 recen-

66 1561 189 1602 tioris
220 1561 454 1618 scripturae
485 1561 715 1617 vestigium
746 1561 852 1601 insit
881 1568 922 1602 et
951 1578 1082 1618 quum
1111 1562 1208 1619 plus
1240 1562 1372 1603 semol
1397 1568 1511 1604 recte

67 1630 198 1684 χελίος
236 1630 403 1685 legatur
446 1628 501 1668 cf.
548 1628 649 1668 infr.
694 1644 759 1669 nr.
792 1629 832 1670 7.
893 1629 943 1669 In
974 1629 1410 1671 Lacedaemoniorum
1441 1629 1512 1670 de·

69 1703 185 1738 creto
225 1696 427 1752 Thucyd.
460 1695 519 1748 V,
551 1696 604 1737 77
646 1695 747 1737 libri
786 1696 911 1737 modo
955 1713 1010 1743 ως
1048 1696 1174 1736 modo
1215 1712 1284 1743 ους
1321 1703 1511 1750 tuentur,

68 1766 150 1806 hoc
180 1771 320 1805 tamen
351 1763 491 1805 rarius
523 1780 700 1817 omnes,
746 1780 855 1821 quae
885 1763 1169 1805 inconstantia
1200 1764 1412 1820 quomodo
1442 1779 1512 1805 ex-

68 1832 220 1890 plicari
249 1831 412 1890 possit,
446 1847 570 1888 supra
604 1831 888 1873 indicavimus
919 1832 960 1885 ξ.
993 1832 1043 1884 2,
1073 1831 1143 1881 13.

181 1900 224 1950 3)
282 1899 454 1941 Deinde
484 1899 709 1957 productio
740 1900 815 1940 illa
847 1898 1106 1957 suppletoria
1139 1898 1409 1955 agnoscitur,
1438 1899 1514 1940 uhi

71 1984 95 2009 σ
124 1975 220 2009 ante
252 1983 436 2024 sequens
467 1985 493 2019 μ
522 1968 591 2009 vel
625 1985 643 2007 ι’
665 1967 822 2008 excidit
851 1968 907 2008 cf.
932 1967 986 2008 L.
1011 1967 1031 2007 I
1061 1967 1102 2019 ξ.
1129 1967 1170 2019 S,
1194 1967 1234 2008 3.
1259 1967 1300 2008 4.
1363 1967 1512 2024 ltaque

70 2035 258 2077 severior
286 2035 418 2076 Doris
453 2054 475 2084 η
505 2051 582 2092 pro
613 2035 778 2092 vulgari
809 2052 843 2076 ει
871 2035 997 2076 habet
1027 2034 1072 2075 in
1102 2035 1195 2074 his:

153 2104 193 2154 a)
252 2104 298 2143 in
333 2102 451 2144 verbi
489 2104 568 2153 εἰμι’
606 2103 756 2144 formis
795 2103 1035 2144 nonnullis.
1110 2102 1370 2159 Frequentia
1414 2111 1514 2144 sunt

71 2170 264 2227 exempla
303 2169 506 2211 infinitivi
548 2166 643 2222 ἦμέν
686 2169 783 2224 (ubi
823 2171 967 2212 mitior
997 2170 1130 2212 Doris
1172 2170 1275 2222 εἶμεν
1305 2171 1431 2212 habet
1461 2188 1513 2213 ex

71 2238 229 2290 ἕωμεν
264 2253 341 2294 pro
381 2237 526 2287 εἶναι),
573 2237 617 2278 ἰιι
655 2238 772 2279 tabb.
805 2239 979 2279 Heracl.
1022 2246 1062 2279 et
1091 2238 1343 2279 certioribus
1372 2238 1513 2281 titulis

73 2305 256 2347 Creticis
284 2303 407 2346 2555.
441 2304 565 2347 2556.
598 2306 738 2359 2558,
785 2306 911 2346 etiam
942 2305 1076 2359 2554,
1109 2306 1178 2348 (58.
1208 2307 1291 2348 212
1330 2313 1372 2347 et
1401 2306 1513 2363 apud

73 2372 327 2424 Chilonem,
359 2371 684 2428 Epimenidem,
716 2373 936 2431 Apophth.
968 2374 1071 2415 Lac.
1106 2391 1147 2430 p.
1170 2375 1253 2415 ⁶242
1283 2381 1362 2415 etc.
1421 2373 1513 2415 Nec

70 2440 212 2481 minus
254 2439 442 2480 severior
471 2439 604 2481 Doris
646 2439 716 2491 ἠμί
755 2449 796 2482 et
836 2441 933 2494 ἦμές
961 2458 1036 2499 pro
1068 2444 1170 2493 εἰμι’,
1219 2442 1321 2492 εἰμέν
1351 2441 1511 2481 dixisse

70 2507 258 2566 putanda
279 2513 360 2559 est,
394 2523 523 2564 quum
554 2507 634 2548 ista
665 2523 718 2548 ex
748 2509 859 2560 ἕσμί,
891 2510 1031 2561 ἐσμίς,
1066 2509 1181 2560 ἐσμέν
1211 2507 1345 2564 (quod
1365 2508 1511 2549 Atthis

73 2576 273 2626 servavit)
305 2581 399 2615 nata
421 2574 521 2615 sint.
566 2574 680 2615 Male
702 2575 744 2615 in
767 2576 978 2617 cantilena
998 2575 1211 2617 Laconica
1234 2574 1507 2620 Schneidew‚

117 2718 152 2756 6)
202 2716 339 2750 Dorica
366 2725 516 2750 vocatur
547 2727 587 2750 ea
622 2718 826 2752 terminatio
862 2728 880 2751 a
905 2719 937 2753 J.
968 2719 1031 2752 Gr.
1059 2720 1145 2759 243,
1172 2728 1211 2758 a,
1248 2718 1401 2752 Meerm.
1428 2721 1508 2762 658,

73 2773 167 2806 unde
192 2775 357 2818 corrigas
383 2775 447 2808 Gr.
474 2775 512 2808 C.
538 2777 605 2809 318
