1779 3079
371 972 487 1024 Ao
535 971 837 1024 Librum
880 969 1226 1022 Primum.

186 1356 312 1412 Pag.
345 1355 373 1397 ὃ
411 1355 443 1397 l.
478 1354 544 1396 16.
606 1352 811 1411 Gregorii
842 1351 1059 1395 Corinthii
1095 1351 1296 1395 libellum
1337 1353 1388 1395 de
1419 1353 1524 1412 Sap·

75 1424 234 1482 phonis
264 1424 472 1473 dialecto,
526 1437 654 1479 quem
686 1421 990 1464 Petzholdtius
1020 1428 1120 1478 post
1147 1421 1389 1479 Aphthonii
1417 1422 1523 1463 Pro-

77 1498 372 1550 gymnasmata
401 1506 439 1532 a.
476 1490 584 1532 1839
623 1490 788 1543 edidit,
840 1489 910 1530 his
940 1487 1193 1531 novissimis
1223 1490 1348 1531 annis
1379 1489 1524 1547 inepta

74 1560 227 1602 fraude
270 1559 417 1600 fictum
459 1573 557 1599 esse
603 1557 988 1600 demonstravimus
1031 1557 1080 1598 in
1117 1555 1270 1599 Museo
1311 1557 1526 1601 Rhenano

12 1643 14 1646 ·
74 1627 198 1670 Novo
228 1627 374 1669 V01.1
403 1642 448 1684 p.
469 1627 566 1668 274.

185 1695 256 1737 Pa
272 1712 315 1752 g.
348 1695 390 1737 7.
466 1692 701 1735 Decretum
734 1692 1019 1735 Cumacorum
1049 1693 1095 1735 in
1128 1693 1337 1751 Corporis
1366 1693 1525 1736 Inscri-

75 1763 272 1821 ptionum
302 1761 513 1803 fasciculo
542 1760 669 1802 tertio
697 1760 942 1802 etiamnunc
973 1761 1214 1803 desiderato
1251 1761 1423 1819 legetur
1457 1778 1524 1803 nr.

76 1830 214 1883 3524,
260 1829 415 1871 titulus
446 1829 770 1887 Lampsacenus
802 1828 966 1871 ibidem
995 1845 1063 1871 nr.
1097 1829 1232 1882 3640,
1281 1828 1384 1871 item
1415 1829 1526 1871 alius

74 1898 230 1940 titulus
262 1896 479 1938 Cumaeus
510 1913 577 1938 nr.
604 1895 731 1939 3523.
793 1896 977 1938 Duobus
1007 1896 1165 1938 abhinc
1194 1896 1321 1939 annis
1351 1897 1527 1939 Franzii

76 1965 215 2008 nostri
245 1964 456 2006 beneficio
480 1965 678 2022 plagulas
708 1971 799 2005 tum
828 1964 1060 2023 impressas
1086 1964 1284 2007 Berolini
1312 1964 1528 2023 inspicere

77 2032 205 2074 nohis
248 2032 444 2088 contigit.
524 2032 753 2073 Praeterea
794 2032 977 2075 accessit
1014 2032 1167 2075 titulus
1206 2033 1394 2075 Lesbius
1424 2032 1529 2075 Deli

76 2100 245 2159 positus
275 2100 321 2141 in
342 2100 605 2154 Expedition
630 2101 905 2155 Scientifique
934 2101 985 2142 de
1006 2103 1152 2143 Μονέε
1177 2100 1280 2143 Vol.
1301 2101 1366 2142 III
1395 2101 1457 2158 pl.
1475 2101 1529 2143 12

79 2176 122 2211 et
140 2167 322 2210 Lchasii
340 2169 622 2220 Inscriptions
645 2168 860 2223 Grecques
881 2174 924 2210 et
940 2171 1117 2211 Latinos
1145 2168 1321 2210 Fasc-V
1340 2184 1409 2210 nr.
1429 2167 1526 2220 191,

78 2251 207 2294 quem
247 2241 345 2276 ante
386 2250 425 2275 a.
459 2234 540 2276 167
580 2251 619 2276 a.
653 2235 756 2277 Chr.
799 2236 987 2278 incisum
1027 2251 1124 2279 esse
1163 2235 1302 2278 editor
1339 2235 1527 2277 Franco-

78 2304 222 2361 gallus
264 2318 316 2343 ex
353 2301 559 2344 Antissae
599 2303 870 2360 potissimum
914 2304 1089 2346 nomine
1132 2302 1337 2360 collegit,
1394 2318 1528 2360 quum

78 2370 286 2428 oppidum
315 2369 429 2410 illud
469 2385 519 2411 eo
558 2385 671 2412 anno
701 2387 724 2412 a
754 2371 963 2414 Romanis
995 2371 1181 2413 dirutum
1212 2371 1268 2411 sit
1296 2369 1426 2412 Livio
1455 2386 1529 2412 au-

80 2445 199 2480 ctore
227 2438 283 2479 L.
314 2437 445 2478 XLV
483 2452 520 2478 c.
556 2437 625 2479 31.
694 2438 848 2497 Neque
878 2439 989 2481 male
1017 2438 1072 2480 ad
1101 2437 1276 2479 tertium
1308 2438 1529 2481 saeculum

77 2507 234 2550 referri
275 2506 472 2557 videtur,
520 2520 761 2563 quanquam
803 2506 989 2548 Antissa
1032 2505 1208 2563 quidem
1251 2522 1276 2548 a
1316 2505 1529 2549 Strabone

16 2589 18 2595 ·
79 2575 136 2618 L.
168 2573 281 2616 XIII
319 2590 363 2631 p.
395 2572 479 2615 919
516 2578 564 2612 ut
605 2581 821 2630 superstes
861 2579 1231 2616 commemoratur.
1300 2572 1446 2628 Quum
1475 2573 1528 2615 ti-

82 2642 228 2697 tulus,
275 2656 519 2699 quanquam
558 2640 735 2682 mutilus
775 2649 817 2682 et
857 2648 1112 2699 corruptus,
1159 2648 1300 2683 tamen
1338 2641 1526 2698 alicujus

80 2709 210 2768 pretii
255 2708 312 2749 sit
357 2707 543 2749 necdum
589 2722 612 2748 a
655 2707 845 2751 Lehasio
897 2709 999 2751 satis
1047 2708 1271 2751 restitutus
1314 2708 1527 2763 videatur,

16 2797 20 2803 ³
81 2776 442 2830 emendatiorem,
493 2781 698 2833 quantum
726 2776 967 2829 valuimus,
1015 2792 1228 2834 apponere
1258 2777 1413 2833 placet.
