<?xml version="1.0" encoding="UTF-8"?>
<!DOCTYPE html PUBLIC "-//W3C//DTD XHTML 1.0 Transitional//EN"
    "http://www.w3.org/TR/xhtml1/DTD/xhtml1-transitional.dtd">
<html xmlns="http://www.w3.org/1999/xhtml" xml:lang="en" lang="en">
 <head>
  <title>
</title>
<meta http-equiv="Content-Type" content="text/html;charset=utf-8" />
  <meta name='ocr-system' content='tesseract 3.04.00' />
  <meta name='ocr-capabilities' content='ocr_page ocr_carea ocr_par ocr_line ocrx_word'/>
</head>
<body>
  <div class='ocr_page' id='page_1' title='image "./degraecaelinguae01ahreuoft_0315.png"; bbox 0 0 1779 3079; ppageno 0'>
   <div class='ocr_carea' id='block_1_1' title="bbox 55 1120 1504 1190">
    <p class='ocr_par' dir='ltr' id='par_1_1' title="bbox 55 1120 1504 1190">
     <span class='ocr_line' id='line_1_1' title="bbox 55 1120 1504 1190; baseline 0.001 -2"><span class='ocrx_word' id='word_1_1' title='bbox 55 1122 478 1190; x_wconf 78' lang='lat' dir='ltr'><strong>CAROLO</strong></span> <span class='ocrx_word' id='word_1_2' title='bbox 569 1120 1222 1188; x_wconf 79' lang='lat' dir='ltr'><strong>LACHMANNO</strong></span> <span class='ocrx_word' id='word_1_3' title='bbox 1307 1120 1504 1189; x_wconf 79' lang='lat' dir='ltr'>SUO</span> 
     </span>
    </p>
   </div>
   <div class='ocr_carea' id='block_1_2' title="bbox 652 1280 902 1325">
    <p class='ocr_par' dir='ltr' id='par_1_2' title="bbox 652 1280 902 1325">
     <span class='ocr_line' id='line_1_2' title="bbox 652 1280 902 1325; baseline 0 -1"><span class='ocrx_word' id='word_1_4' title='bbox 652 1280 703 1325; x_wconf 89' lang='lat' dir='ltr'>S.</span> <span class='ocrx_word' id='word_1_5' title='bbox 747 1281 800 1324; x_wconf 91' lang='lat' dir='ltr'>P.</span> <span class='ocrx_word' id='word_1_6' title='bbox 844 1280 902 1324; x_wconf 91' lang='lat' dir='ltr'>D.</span> 
     </span>
    </p>
   </div>
   <div class='ocr_carea' id='block_1_3' title="bbox 151 1419 1409 1479">
    <p class='ocr_par' dir='ltr' id='par_1_3' title="bbox 151 1419 1409 1479">
     <span class='ocr_line' id='line_1_3' title="bbox 151 1419 1409 1479; baseline 0.003 -4"><span class='ocrx_word' id='word_1_7' title='bbox 151 1419 559 1478; x_wconf 83' lang='lat' dir='ltr'>HENRICUS</span> <span class='ocrx_word' id='word_1_8' title='bbox 602 1419 1032 1477; x_wconf 85' lang='lat' dir='ltr'>LUDOLFUS</span> <span class='ocrx_word' id='word_1_9' title='bbox 1074 1420 1409 1479; x_wconf 80' lang='lat' dir='ltr'><strong>AHRENS.</strong></span> 
     </span>
    </p>
   </div>
   <div class='ocr_carea' id='block_1_4' title="bbox 54 1728 1516 2895">
    <p class='ocr_par' dir='ltr' id='par_1_4' title="bbox 54 1728 1516 2895">
     <span class='ocr_line' id='line_1_4' title="bbox 54 1728 1509 1809; baseline 0.001 -16"><span class='ocrx_word' id='word_1_10' title='bbox 54 1728 241 1793; x_wconf 82' lang='lat' dir='ltr'>Primo</span> <span class='ocrx_word' id='word_1_11' title='bbox 277 1745 423 1809; x_wconf 83' lang='lat' dir='ltr'>hujus</span> <span class='ocrx_word' id='word_1_12' title='bbox 454 1747 612 1808; x_wconf 84' lang='lat' dir='ltr'>operis</span> <span class='ocrx_word' id='word_1_13' title='bbox 650 1745 773 1792; x_wconf 84' lang='lat' dir='ltr'>libro</span> <span class='ocrx_word' id='word_1_14' title='bbox 810 1753 1013 1809; x_wconf 74' lang='lat' dir='ltr'>quatuor</span> <span class='ocrx_word' id='word_1_15' title='bbox 1051 1745 1222 1793; x_wconf 81' lang='lat' dir='ltr'><strong>abhinc</strong></span> <span class='ocrx_word' id='word_1_16' title='bbox 1252 1749 1390 1793; x_wconf 88' lang='lat' dir='ltr'>annis</span> <span class='ocrx_word' id='word_1_17' title='bbox 1428 1748 1509 1794; x_wconf 84' lang='lat' dir='ltr'>ab·</span> 
     </span>
     <span class='ocr_line' id='line_1_5' title="bbox 55 1814 1509 1876; baseline 0.001 -16"><span class='ocrx_word' id='word_1_18' title='bbox 55 1817 212 1862; x_wconf 80' lang='lat' dir='ltr'>soluto</span> <span class='ocrx_word' id='word_1_19' title='bbox 248 1832 379 1876; x_wconf 85' lang='lat' dir='ltr'>spem</span> <span class='ocrx_word' id='word_1_20' title='bbox 416 1832 723 1876; x_wconf 70' lang='lat' dir='ltr'>conceperam</span> <span class='ocrx_word' id='word_1_21' title='bbox 763 1814 865 1859; x_wconf 83' lang='lat' dir='ltr'>fieri</span> <span class='ocrx_word' id='word_1_22' title='bbox 904 1832 1068 1876; x_wconf 78' lang='lat' dir='ltr'>posse,</span> <span class='ocrx_word' id='word_1_23' title='bbox 1112 1823 1163 1861; x_wconf 81' lang='lat' dir='ltr'>ut</span> <span class='ocrx_word' id='word_1_24' title='bbox 1191 1815 1362 1861; x_wconf 85' lang='lat' dir='ltr'>Carolo</span> <span class='ocrx_word' id='word_1_25' title='bbox 1381 1816 1509 1863; x_wconf 80' lang='lat' dir='ltr'>Odo-</span> 
     </span>
     <span class='ocr_line' id='line_1_6' title="bbox 56 1882 1510 1945; baseline 0.002 -17"><span class='ocrx_word' id='word_1_26' title='bbox 56 1883 190 1930; x_wconf 85' lang='lat' dir='ltr'>fredo</span> <span class='ocrx_word' id='word_1_27' title='bbox 222 1882 483 1940; x_wconf 79' lang='lat' dir='ltr'>Muellero⁷</span> <span class='ocrx_word' id='word_1_28' title='bbox 545 1884 627 1945; x_wconf 86' lang='lat' dir='ltr'>qui</span> <span class='ocrx_word' id='word_1_29' title='bbox 667 1900 721 1928; x_wconf 89' lang='lat' dir='ltr'>eo</span> <span class='ocrx_word' id='word_1_30' title='bbox 759 1883 861 1944; x_wconf 89' lang='lat' dir='ltr'>ipso</span> <span class='ocrx_word' id='word_1_31' title='bbox 898 1890 1108 1945; x_wconf 88' lang='lat' dir='ltr'>tempore</span> <span class='ocrx_word' id='word_1_32' title='bbox 1146 1884 1379 1929; x_wconf 83' lang='lat' dir='ltr'>Graecum</span> <span class='ocrx_word' id='word_1_33' title='bbox 1420 1886 1510 1931; x_wconf 81' lang='lat' dir='ltr'>iter</span> 
     </span>
     <span class='ocr_line' id='line_1_7' title="bbox 55 1950 1507 2014; baseline 0.001 -18"><span class='ocrx_word' id='word_1_34' title='bbox 55 1950 277 2014; x_wconf 71' lang='lat' dir='ltr'>parabat,</span> <span class='ocrx_word' id='word_1_35' title='bbox 332 1950 560 1996; x_wconf 82' lang='lat' dir='ltr'>incolumi</span> <span class='ocrx_word' id='word_1_36' title='bbox 597 1958 641 1995; x_wconf 80' lang='lat' dir='ltr'>et</span> <span class='ocrx_word' id='word_1_37' title='bbox 682 1950 1012 1996; x_wconf 77' lang='lat' dir='ltr'>honestissima</span> <span class='ocrx_word' id='word_1_38' title='bbox 1048 1950 1219 2013; x_wconf 79' lang='lat' dir='ltr'>praeda</span> <span class='ocrx_word' id='word_1_39' title='bbox 1257 1960 1430 1998; x_wconf 79' lang='lat' dir='ltr'>onusto</span> <span class='ocrx_word' id='word_1_40' title='bbox 1460 1955 1507 1998; x_wconf 91' lang='lat' dir='ltr'>in</span> 
     </span>
     <span class='ocr_line' id='line_1_8' title="bbox 54 2017 1510 2082; baseline 0.001 -17"><span class='ocrx_word' id='word_1_41' title='bbox 54 2020 254 2082; x_wconf 85' lang='lat' dir='ltr'>patriam</span> <span class='ocrx_word' id='word_1_42' title='bbox 298 2017 461 2064; x_wconf 80' lang='lat' dir='ltr'><strong>reduci</strong></span> <span class='ocrx_word' id='word_1_43' title='bbox 499 2017 809 2064; x_wconf 78' lang='lat' dir='ltr'>laetissimum</span> <span class='ocrx_word' id='word_1_44' title='bbox 839 2019 1047 2063; x_wconf 87' lang='lat' dir='ltr'>animum</span> <span class='ocrx_word' id='word_1_45' title='bbox 1085 2018 1232 2065; x_wconf 83' lang='lat' dir='ltr'>altero</span> <span class='ocrx_word' id='word_1_46' title='bbox 1264 2019 1387 2066; x_wconf 88' lang='lat' dir='ltr'>libro</span> <span class='ocrx_word' id='word_1_47' title='bbox 1420 2029 1510 2066; x_wconf 83' lang='lat' dir='ltr'>tra-</span> 
     </span>
     <span class='ocr_line' id='line_1_9' title="bbox 56 2086 1512 2146; baseline 0.002 -15"><span class='ocrx_word' id='word_1_48' title='bbox 56 2087 155 2133; x_wconf 87' lang='lat' dir='ltr'>dito</span> <span class='ocrx_word' id='word_1_49' title='bbox 191 2086 485 2132; x_wconf 77' lang='lat' dir='ltr'>testificffler.</span> <span class='ocrx_word' id='word_1_50' title='bbox 569 2086 705 2146; x_wconf 76' lang='lat' dir='ltr'>Quae.</span> <span class='ocrx_word' id='word_1_51' title='bbox 744 2087 866 2132; x_wconf 87' lang='lat' dir='ltr'>enim</span> <span class='ocrx_word' id='word_1_52' title='bbox 904 2095 1063 2133; x_wconf 87' lang='lat' dir='ltr'>essent</span> <span class='ocrx_word' id='word_1_53' title='bbox 1099 2087 1156 2132; x_wconf 87' lang='lat' dir='ltr'>de</span> <span class='ocrx_word' id='word_1_54' title='bbox 1190 2087 1389 2134; x_wconf 81' lang='lat' dir='ltr'>dialecto</span> <span class='ocrx_word' id='word_1_55' title='bbox 1415 2089 1512 2134; x_wconf 87' lang='lat' dir='ltr'>Do·</span> 
     </span>
     <span class='ocr_line' id='line_1_10' title="bbox 56 2153 1507 2234; baseline 0.001 -35"><span class='ocrx_word' id='word_1_56' title='bbox 56 2156 185 2212; x_wconf 80' lang='lat' dir='ltr'>rica,</span> <span class='ocrx_word' id='word_1_57' title='bbox 260 2171 355 2217; x_wconf 89' lang='lat' dir='ltr'>quo</span> <span class='ocrx_word' id='word_1_58' title='bbox 414 2155 605 2199; x_wconf 86' lang='lat' dir='ltr'>nomine</span> <span class='ocrx_word' id='word_1_59' title='bbox 655 2153 913 2200; x_wconf 70' lang='lat' dir='ltr'>inscribeie</span> <span class='ocrx_word' id='word_1_60' title='bbox 959 2154 1144 2201; x_wconf 79' lang='lat' dir='ltr'>mallem</span> <span class='ocrx_word' id='word_1_61' title='bbox 1189 2173 1330 2234; x_wconf 80' lang='lat' dir='ltr'>quam</span> <span class='ocrx_word' id='word_1_62' title='bbox 1383 2156 1507 2219; x_wconf 75' lang='lat' dir='ltr'>ejuS,</span> 
     </span>
     <span class='ocr_line' id='line_1_11' title="bbox 57 2221 1512 2286; baseline 0.001 -19"><span class='ocrx_word' id='word_1_63' title='bbox 57 2222 139 2285; x_wconf 88' lang='lat' dir='ltr'>qui</span> <span class='ocrx_word' id='word_1_64' title='bbox 178 2221 437 2267; x_wconf 77' lang='lat' dir='ltr'>Doiienses</span> <span class='ocrx_word' id='word_1_65' title='bbox 483 2239 594 2267; x_wconf 86' lang='lat' dir='ltr'>suos</span> <span class='ocrx_word' id='word_1_66' title='bbox 639 2223 700 2268; x_wconf 79' lang='lat' dir='ltr'>ita</span> <span class='ocrx_word' id='word_1_67' title='bbox 739 2221 913 2280; x_wconf 77' lang='lat' dir='ltr'>coluit,</span> <span class='ocrx_word' id='word_1_68' title='bbox 975 2231 1028 2268; x_wconf 83' lang='lat' dir='ltr'>ut</span> <span class='ocrx_word' id='word_1_69' title='bbox 1064 2224 1188 2268; x_wconf 79' lang='lat' dir='ltr'>inter</span> <span class='ocrx_word' id='word_1_70' title='bbox 1228 2225 1404 2269; x_wconf 84' lang='lat' dir='ltr'>amieos</span> <span class='ocrx_word' id='word_1_71' title='bbox 1436 2223 1512 2286; x_wconf 84' lang='lat' dir='ltr'>jo-</span> 
     </span>
     <span class='ocr_line' id='line_1_12' title="bbox 55 2289 1511 2354; baseline 0 -19"><span class='ocrx_word' id='word_1_72' title='bbox 55 2296 217 2335; x_wconf 77' lang='lat' dir='ltr'>cantes</span> <span class='ocrx_word' id='word_1_73' title='bbox 254 2289 354 2351; x_wconf 88' lang='lat' dir='ltr'>ipse</span> <span class='ocrx_word' id='word_1_74' title='bbox 395 2290 641 2335; x_wconf 79' lang='lat' dir='ltr'>D01iensis</span> <span class='ocrx_word' id='word_1_75' title='bbox 678 2289 1023 2352; x_wconf 72' lang='lat' dir='ltr'>appessamtur,</span> <span class='ocrx_word' id='word_1_76' title='bbox 1084 2299 1164 2336; x_wconf 83' lang='lat' dir='ltr'>aut</span> <span class='ocrx_word' id='word_1_77' title='bbox 1204 2293 1279 2337; x_wconf 84' lang='lat' dir='ltr'>eui</span> <span class='ocrx_word' id='word_1_78' title='bbox 1324 2293 1511 2354; x_wconf 68' lang='lat' dir='ltr'>piet-ulis</span> 
     </span>
     <span class='ocr_line' id='line_1_13' title="bbox 57 2357 1511 2422; baseline 0 -20"><span class='ocrx_word' id='word_1_79' title='bbox 57 2365 199 2420; x_wconf 81' lang='lat' dir='ltr'>atque</span> <span class='ocrx_word' id='word_1_80' title='bbox 229 2358 549 2403; x_wconf 82' lang='lat' dir='ltr'>venerationis</span> <span class='ocrx_word' id='word_1_81' title='bbox 574 2357 768 2420; x_wconf 80' lang='lat' dir='ltr'>aliquod</span> <span class='ocrx_word' id='word_1_82' title='bbox 797 2358 1131 2404; x_wconf 79' lang='lat' dir='ltr'>documentum</span> <span class='ocrx_word' id='word_1_83' title='bbox 1162 2358 1329 2417; x_wconf 69' lang='lat' dir='ltr'>edere,</span> <span class='ocrx_word' id='word_1_84' title='bbox 1371 2376 1511 2422; x_wconf 84' lang='lat' dir='ltr'>quam</span> 
     </span>
     <span class='ocr_line' id='line_1_14' title="bbox 57 2424 1511 2490; baseline -0.001 -19"><span class='ocrx_word' id='word_1_85' title='bbox 57 2425 197 2487; x_wconf 80' lang='lat' dir='ltr'>cujus</span> <span class='ocrx_word' id='word_1_86' title='bbox 234 2425 439 2487; x_wconf 82' lang='lat' dir='ltr'>insignia</span> <span class='ocrx_word' id='word_1_87' title='bbox 478 2424 535 2470; x_wconf 89' lang='lat' dir='ltr'>de</span> <span class='ocrx_word' id='word_1_88' title='bbox 572 2425 723 2471; x_wconf 73' lang='lat' dir='ltr'>literis</span> <span class='ocrx_word' id='word_1_89' title='bbox 762 2434 808 2471; x_wconf 86' lang='lat' dir='ltr'>et</span> <span class='ocrx_word' id='word_1_90' title='bbox 847 2426 904 2472; x_wconf 88' lang='lat' dir='ltr'>de</span> <span class='ocrx_word' id='word_1_91' title='bbox 943 2444 1016 2472; x_wconf 90' lang='lat' dir='ltr'>me</span> <span class='ocrx_word' id='word_1_92' title='bbox 1053 2428 1217 2472; x_wconf 78' lang='lat' dir='ltr'>me1ita</span> <span class='ocrx_word' id='word_1_93' title='bbox 1257 2426 1511 2490; x_wconf 76' lang='lat' dir='ltr'>longinqui</span> 
     </span>
     <span class='ocr_line' id='line_1_15' title="bbox 59 2491 1513 2554; baseline 0.001 -17"><span class='ocrx_word' id='word_1_94' title='bbox 59 2493 245 2539; x_wconf 83' lang='lat' dir='ltr'>itineris</span> <span class='ocrx_word' id='word_1_95' title='bbox 282 2491 543 2554; x_wconf 87' lang='lat' dir='ltr'>periculum</span> <span class='ocrx_word' id='word_1_96' title='bbox 583 2501 628 2538; x_wconf 85' lang='lat' dir='ltr'>et</span> <span class='ocrx_word' id='word_1_97' title='bbox 666 2493 818 2539; x_wconf 81' lang='lat' dir='ltr'>felicis</span> <span class='ocrx_word' id='word_1_98' title='bbox 855 2493 1036 2540; x_wconf 83' lang='lat' dir='ltr'>reditus</span> <span class='ocrx_word' id='word_1_99' title='bbox 1073 2494 1360 2540; x_wconf 86' lang='lat' dir='ltr'>desiderium</span> <span class='ocrx_word' id='word_1_100' title='bbox 1399 2501 1513 2539; x_wconf 83' lang='lat' dir='ltr'>tunc</span> 
     </span>
     <span class='ocr_line' id='line_1_16' title="bbox 59 2561 1514 2623; baseline 0.001 -18"><span class='ocrx_word' id='word_1_101' title='bbox 59 2562 258 2606; x_wconf 82' lang='lat' dir='ltr'>maxime</span> <span class='ocrx_word' id='word_1_102' title='bbox 317 2561 365 2604; x_wconf 92' lang='lat' dir='ltr'>in</span> <span class='ocrx_word' id='word_1_103' title='bbox 423 2562 695 2606; x_wconf 82' lang='lat' dir='ltr'>memoriam</span> <span class='ocrx_word' id='word_1_104' title='bbox 758 2569 1051 2608; x_wconf 79' lang='lat' dir='ltr'>revocarent.</span> <span class='ocrx_word' id='word_1_105' title='bbox 1162 2563 1264 2607; x_wconf 85' lang='lat' dir='ltr'>Deo</span> <span class='ocrx_word' id='word_1_106' title='bbox 1319 2561 1514 2623; x_wconf 68' lang='lat' dir='ltr'>Optimo</span> 
     </span>
     <span class='ocr_line' id='line_1_17' title="bbox 58 2627 1512 2690; baseline 0 -17"><span class='ocrx_word' id='word_1_107' title='bbox 58 2629 269 2674; x_wconf 82' lang='lat' dir='ltr'>Maximo</span> <span class='ocrx_word' id='word_1_108' title='bbox 307 2627 445 2673; x_wconf 81' lang='lat' dir='ltr'>aliter</span> <span class='ocrx_word' id='word_1_109' title='bbox 489 2630 681 2690; x_wconf 79' lang='lat' dir='ltr'>placuit.</span> <span class='ocrx_word' id='word_1_110' title='bbox 791 2629 913 2674; x_wconf 84' lang='lat' dir='ltr'>Nam</span> <span class='ocrx_word' id='word_1_111' title='bbox 952 2638 998 2676; x_wconf 82' lang='lat' dir='ltr'>et</span> <span class='ocrx_word' id='word_1_112' title='bbox 1035 2628 1274 2675; x_wconf 85' lang='lat' dir='ltr'>scribendi</span> <span class='ocrx_word' id='word_1_113' title='bbox 1313 2628 1512 2675; x_wconf 77' lang='lat' dir='ltr'>difficul-</span> 
     </span>
     <span class='ocr_line' id='line_1_18' title="bbox 59 2695 1513 2760; baseline 0.001 -20"><span class='ocrx_word' id='word_1_114' title='bbox 59 2704 158 2754; x_wconf 81' lang='lat' dir='ltr'>tas⁷</span> <span class='ocrx_word' id='word_1_115' title='bbox 227 2714 366 2760; x_wconf 85' lang='lat' dir='ltr'>quam</span> <span class='ocrx_word' id='word_1_116' title='bbox 404 2697 452 2740; x_wconf 88' lang='lat' dir='ltr'>in</span> <span class='ocrx_word' id='word_1_117' title='bbox 486 2697 624 2758; x_wconf 84' lang='lat' dir='ltr'>primi</span> <span class='ocrx_word' id='word_1_118' title='bbox 662 2695 772 2742; x_wconf 82' lang='lat' dir='ltr'>libri</span> <span class='ocrx_word' id='word_1_119' title='bbox 820 2698 1112 2760; x_wconf 75' lang='lat' dir='ltr'>praefatione</span> <span class='ocrx_word' id='word_1_120' title='bbox 1152 2704 1349 2760; x_wconf 77' lang='lat' dir='ltr'>questus</span> <span class='ocrx_word' id='word_1_121' title='bbox 1387 2714 1513 2743; x_wconf 82' lang='lat' dir='ltr'>eram</span> 
     </span>
     <span class='ocr_line' id='line_1_19' title="bbox 60 2763 1516 2828; baseline 0.003 -22"><span class='ocrx_word' id='word_1_122' title='bbox 60 2764 316 2825; x_wconf 85' lang='lat' dir='ltr'>(spasmum</span> <span class='ocrx_word' id='word_1_123' title='bbox 356 2765 656 2826; x_wconf 82' lang='lat' dir='ltr'>scriptorium</span> <span class='ocrx_word' id='word_1_124' title='bbox 695 2765 865 2811; x_wconf 81' lang='lat' dir='ltr'>medici</span> <span class='ocrx_word' id='word_1_125' title='bbox 905 2765 1110 2828; x_wconf 80' lang='lat' dir='ltr'>dieunt)⁷</span> <span class='ocrx_word' id='word_1_126' title='bbox 1160 2767 1209 2809; x_wconf 88' lang='lat' dir='ltr'>in</span> <span class='ocrx_word' id='word_1_127' title='bbox 1247 2763 1347 2810; x_wconf 85' lang='lat' dir='ltr'>dies</span> <span class='ocrx_word' id='word_1_128' title='bbox 1381 2773 1516 2812; x_wconf 79' lang='lat' dir='ltr'>aucta</span> 
     </span>
     <span class='ocr_line' id='line_1_20' title="bbox 59 2831 1513 2895; baseline 0.002 -20"><span class='ocrx_word' id='word_1_129' title='bbox 59 2848 215 2895; x_wconf 87' lang='lat' dir='ltr'>neque</span> <span class='ocrx_word' id='word_1_130' title='bbox 273 2833 371 2878; x_wconf 90' lang='lat' dir='ltr'>ullo</span> <span class='ocrx_word' id='word_1_131' title='bbox 428 2831 877 2879; x_wconf 84' lang='lat' dir='ltr'>medicamentorum</span> <span class='ocrx_word' id='word_1_132' title='bbox 935 2831 1010 2877; x_wconf 71' lang='lat' dir='ltr'>vel</span> <span class='ocrx_word' id='word_1_133' title='bbox 1072 2831 1350 2878; x_wconf 85' lang='lat' dir='ltr'>balneorum</span> <span class='ocrx_word' id='word_1_134' title='bbox 1405 2851 1513 2891; x_wconf 74' lang='lat' dir='ltr'>usu,</span> 
     </span>
    </p>
   </div>
   <div class='ocr_carea' id='block_1_5' title="bbox 1186 2926 1208 2945">
    <p class='ocr_par' dir='ltr' id='par_1_5' title="bbox 1186 2926 1208 2945">
     <span class='ocr_line' id='line_1_21' title="bbox 1186 2926 1208 2945; baseline 0 0"><span class='ocrx_word' id='word_1_135' title='bbox 1186 2926 1208 2945; x_wconf 78' lang='lat'><em>*</em></span> 
     </span>
    </p>
   </div>
  </div>
 </body>
</html>
