1779 3079
258 144 360 196 486
856 142 1118 206 Appendix.

257 283 413 328 deinde
455 280 692 340 scripturae
734 278 1066 322 inconstantiam
1107 279 1271 325 diutius
1300 282 1519 326 resedisse
1547 293 1714 330 constet

253 352 371 406 (vide
399 351 556 393 Franz.
589 348 776 391 Elemm.
809 348 965 407 Epigr.
998 364 1042 407 p.
1079 348 1178 401 150)
1208 357 1251 392 et
1280 367 1414 410 quum
1442 351 1489 394 in
1519 352 1616 411 ipso
1646 353 1713 397 in·

254 421 350 464 dice
380 418 530 462 Attico
563 421 710 460 Πυθεο
740 433 819 475 pro
854 416 1026 459 Πυθέου
1059 417 1268 477 seriptum
1298 418 1383 474 sit,
1429 428 1592 464 certum
1622 422 1714 465 fere

254 496 346 544 est,
393 488 588 530 Atticum
627 485 858 544 lapicidam
903 485 1134 544 aliquoties
1180 494 1328 529 contra
1367 487 1508 546 ipsius
1550 489 1716 533 decreti

253 572 383 600 usum
421 559 456 598 Ο
486 571 644 614 pro-ov
681 554 926 613 scripsisse.
997 554 1161 597 Contra
1189 555 1313 598 nullo
1343 564 1469 614 pacto
1502 558 1715 602 credibile

252 632 320 668 est
348 623 535 668 eundem
562 623 608 665 in
638 622 694 665 iis
721 622 928 674 vocibus,
962 640 1072 681 quae
1102 623 1148 665 in
1181 623 1480 668 Theraeorum
1511 626 1714 670 aliorum-

253 710 340 753 que
377 691 659 736 Doriensium
701 691 899 734 dialectis
948 691 1144 733 ultimam
1192 692 1469 751 corripiunt,
1532 694 1716 754 quinde-

252 762 342 805 cies
382 768 425 803 E
463 767 505 803 et
551 765 587 801 O
627 775 707 819 pro
754 765 825 800 El
861 765 903 800 et
950 763 1033 800 ΟΥ
1066 775 1297 814 exarasse,
1362 761 1429 803 bis
1473 761 1520 803 in
1563 762 1716 806 eodem

252 846 384 873 versu
414 829 731 888 diphthongum
761 825 1030 884 reliquisse,
1077 827 1154 868 sed
1193 827 1272 869 illa
1312 829 1514 886 propriae
1553 830 1715 874 decreti

255 896 455 951 dialecti,
505 896 729 955 geminum
757 893 855 942 τούς
894 894 926 936 l.
958 894 1015 936 42
1052 894 1265 953 lapicidae
1294 896 1436 939 Attici
1466 913 1563 940 esse
1593 899 1715 941 lucu-

248 965 541 1011 lentissimum
573 971 655 1006 est.

364 1034 501 1076 Recte
532 1031 673 1074 eidem
703 1030 955 1073 Boeckhius
986 1031 1203 1090 reliquam
1244 1032 1422 1075 dialecti
1459 1041 1501 1076 et
1523 1034 1715 1092 scriptu-

252 1118 326 1146 rae
356 1100 693 1145 inconstantiam
721 1097 985 1153 vindicavit,
1031 1115 1141 1158 quae
1171 1100 1358 1143 maxime
1387 1101 1434 1143 iu
1464 1118 1571 1144 voce
1601 1101 1716 1156 ἱερός

253 1171 437 1229 ejusque
468 1168 674 1212 derivatis
705 1167 898 1226 insignis
925 1175 1005 1211 est.
1076 1167 1189 1211 Nam
1218 1184 1272 1210 ex
1301 1169 1503 1228 antiquae
1532 1169 1716 1213 Doridis

254 1240 448 1298 genuina
478 1237 793 1282 consuetudine
824 1255 849 1278 α
879 1252 958 1295 pro
989 1252 1007 1278 ε
1036 1236 1083 1278 in
1113 1238 1184 1280 his
1215 1244 1310 1279 est:
1358 1238 1391 1279 l.
1425 1237 1479 1280 16
1508 1238 1712 1293 ἱαρώσαν,

248 1308 320 1351 20.
345 1307 419 1350 40.
448 1307 504 1350 48
533 1308 682 1362 ἷαροῦ,
713 1305 785 1349 25.
817 1305 889 1349 26.
922 1304 992 1347 36.
1025 1304 1096 1347 37.
1128 1305 1198 1349 40.
1237 1306 1308 1348 42.
1343 1305 1398 1348 43
1428 1306 1712 1360 ἷαρομνάμων,

248 1376 304 1419 38
333 1378 451 1432 ἱαρᾷ.
516 1373 679 1417 Contra
708 1374 889 1432 vulgare
920 1390 938 1415 ε
971 1373 1018 1415 in
1054 1373 1125 1416 his
1156 1374 1455 1432 conspicitur:
1489 1375 1520 1416 l.
1545 1375 1613 1418 10.
1643 1375 1712 1418 13.

249 1442 563 1487 15.17.39.49
577 1441 861 1498 ἱερομνάμων,
896 1443 948 1484 14
964 1441 1126 1499 ἱερήϊα,
1162 1443 1376 1498 21ἱερᾶς,
1410 1443 1712 1497 44ἱερομηνία.

247 1511 396 1566 Quum
451 1511 588 1571 igitur
641 1510 755 1554 inter
802 1510 994 1554 Doricae
1038 1511 1278 1568 scripturae
1321 1510 1470 1553 decem
1517 1512 1715 1570 exempla

247 1588 346 1623 ante
386 1595 562 1622 versum
598 1570 855 1622 Gieesimum
892 1595 980 1622 non
1019 1579 1192 1638 legatur
1229 1578 1318 1621 nisi
1359 1595 1519 1630 unum,
1564 1587 1713 1622 contra

246 1648 444 1707 quinque
481 1664 536 1691 ex
564 1647 740 1691 Atticae
773 1647 1012 1706 scripturae
1042 1664 1198 1690 novem
1227 1647 1466 1706 exemplis,
1519 1646 1709 1706 lapicida

248 1717 558 1775 progrediente
597 1733 728 1776 opere
768 1716 973 1759 insolitae
1003 1717 1165 1759 formae
1195 1715 1336 1772 magis
1367 1715 1621 1758 adsuevisse
1650 1716 1714 1758 vi-

245 1785 387 1828 detur.
450 1785 627 1828 Deinde
657 1785 891 1843 quinquies
923 1784 1012 1827 iota
1037 1785 1244 1842 scriptum
1267 1784 1397 1826 estin
1417 1783 1714 1837 ’Aitqzcuuo'veg

246 1853 277 1894 l.
302 1854 344 1896 6.
372 1853 440 1896 16.
464 1854 533 1896 36.
559 1855 629 1896 41.
657 1855 730 1907 42,
762 1869 891 1913 quem
922 1853 1116 1911 ipsorum
1146 1852 1519 1911 Amphictyonum
1552 1868 1714 1894 morem

239 1920 388 1975 Juisse
417 1922 666 1964 Bocckhius
698 1922 1035 1976 demonstravit,
1068 1921 1201 1964 semel
1229 1922 1261 1963 l.
1293 1921 1350 1963 20
1377 1921 1624 1963 Boeckhius
1656 1921 1712 1963 ob

247 1989 420 2031 Claraci
451 1996 494 2032 et
522 1989 702 2033 Miilleri
734 1991 1079 2048 apographorum
1119 2004 1378 2031 consensum
1408 1988 1713 2041 Ἀμᾳικτυόνες

245 2057 406 2112 edidit,
438 2056 670 2114 lapicidam
699 2056 747 2097 in
768 2056 964 2098 Atticum
997 2073 1161 2098 morem
1191 2055 1414 2114 delapsum
1445 2072 1544 2098 esse
1573 2064 1709 2100 ratus.

244 2125 360 2167 Tum
389 2124 600 2167 dubitatio
627 2131 692 2167 est
716 2124 769 2166 de
793 2123 1116 2182 praepositione
1139 2122 1244 2163 κατά
1273 2139 1370 2165 cum
1402 2124 1582 2166 articulo
1606 2124 1712 2179 jun-

245 2201 328 2237 cta.
370 2192 620 2236 Secundum
644 2193 869 2250 vulgarem
895 2191 1153 2250 antiquioris
1169 2190 1353 2234 Doridis
1373 2208 1536 2234 morem
1560 2191 1711 2233 καττάν

247 2261 459 2320 scriptum
503 2268 571 2304 cst
611 2260 643 2303 l.
675 2261 758 2316 413
805 2260 960 2302 deinde
1007 2278 1133 2301 καττα
1172 2259 1358 2302 traditur
1397 2261 1428 2303 l.
1462 2261 1543 2314 17,
1591 2260 1710 2318 quod

248 2329 499 2373 Boechhius
542 2328 775 2387 lapicidam
814 2328 988 2370 articuli
1028 2328 1211 2370 oblitum
1251 2344 1328 2386 pro
1359 2327 1477 2370 καττό
1510 2343 1709 2370 exarasse

245 2405 397 2456 putat,
443 2405 536 2440 tum
567 2396 816 2439 Boeckhius
847 2395 1010 2449 u[a]t02v
1039 2395 1176 2437 edidit
1205 2397 1236 2439 l.
1272 2398 1322 2439 ll
1353 2396 1442 2446 in.,
1485 2396 1561 2437 ubi
1592 2395 1708 2438 Miil-

249 2467 333 2508 leri
381 2467 677 2524 apographum
707 2471 771 2508 K.
795 2470 944 2515 TAN,
992 2463 1162 2506 Claraci
1192 2471 1255 2507 K.
1273 2496 1283 2505 .
1302 2496 1312 2505 .
1339 2470 1485 2515 ΤΛΝ,
1526 2463 1709 2506 Ro'hleri

255 2525 424 2584 O.A‡}‚
458 2549 592 2593 quare
622 2549 701 2577 nos
733 2532 923 2586 κ[ατ]τάν
954 2532 1145 2574 scribere
1166 2531 1424 2584 maluimus,
1459 2546 1706 2590 quanquam

247 2603 376 2644 κατάν
408 2619 496 2645 non
532 2618 713 2660 prorsus
745 2599 1034 2643 damnandum
1073 2609 1138 2643 est
1181 2601 1270 2642 vid.
1302 2600 1343 2654 ξ.
1380 2601 1461 2653 43,
1493 2601 1530 2641 l.
1619 2599 1705 2640 Po-

249 2679 409 2713 stremo
448 2670 696 2713 Boeckhius
735 2670 768 2712 l.
804 2670 856 2712 10
907 2668 1001 2710 κατ’
1044 2670 1069 2710 ἅ
1110 2667 1286 2727 scripsit
1312 2698 1325 2721 ,
1386 2683 1494 2726 quac
1532 2665 1642 2709 ratio
1681 2681 1705 2708 a

248 2738 416 2782 Doride
446 2755 534 2782 non
565 2739 706 2782 aliena
738 2745 804 2781 est
833 2737 922 2780 vid.
956 2737 998 2790 ξ.
1033 2738 1084 2791 4,
1116 2738 1168 2791 43
1210 2753 1291 2779 nos
1322 2743 1463 2778 tamen
1493 2734 1597 2776 κατά
1626 2750 1705 2793 pro
