1779 3079
241 197 342 248 548
642 192 869 242 Addenda
901 202 947 239 et
983 190 1293 256 Corrigenda.

244 334 481 378 Thessalos
512 332 675 376 Aeoles
705 347 727 373 a
756 329 1008 372 nominibus
1040 328 1226 388 propriis
1256 328 1418 386 primae
1446 327 1694 370 declinatio-

243 403 314 445 nis
350 402 562 457 adjectiva
606 400 653 441 in
685 416 776 446 αιος
807 398 1025 440 derivasse
1045 431 1056 447 ,
1107 397 1295 439 Boeotos
1325 397 1488 438 Aeoles
1518 396 1696 438 eandem

245 470 585 513 terminationem
627 475 813 510 mutasse
854 467 900 508 in
942 484 1015 516 ηος
1056 463 1191 522 (quod
1232 480 1318 505 non
1359 470 1501 521 potest
1531 479 1584 505 ex
1615 479 1697 512 ειος

245 546 389 580 natum
419 537 614 596 putari)3
672 551 803 594 quare
845 551 931 576 non
970 542 1215 591 poteramus
1247 532 1352 591 quin
1383 532 1428 573 in
1459 531 1698 573 Lesbiacae

245 605 418 648 dialecti
449 606 637 647 carmine
667 604 877 646 librorum
907 602 1140 644 lectionem
1163 600 1350 648 Νικιάας
1379 599 1409 640 i.
1433 615 1471 640 6.
1496 600 1698 646 Νἰκιαιάς

242 690 386 716 veram
420 673 735 728 judicaremus.
806 671 894 712 Vix
935 670 1049 712 enim
1090 671 1170 710 hoc
1203 668 1436 726 quisquam
1473 665 1698 708 arbitrabi-

242 750 337 795 tur,
377 740 720 799 patronymicum
753 740 954 786 Νικιαῖος
985 738 1138 778 Boeot.
1162 739 1348 786 λ”ικιῆος
1379 750 1439 776 56.
1474 733 1562 782 υἱός
1592 733 1699 776 alias

243 810 368 867 leges
419 809 545 867 sequi
598 815 724 864 atque
771 807 951 847 Α”ἰκιαιά
1008 805 1172 858 ἄλοχος.
1269 804 1495 846 Postremo
1549 803 1699 844 confer

243 876 487 924 Meao'wzocog
518 877 565 917 in
600 876 725 916 titulo
755 873 888 915 Delio
920 871 1027 921 (vid.
1063 886 1191 928 supra
1221 871 1275 912 ad
1303 887 1347 928 p.
1373 872 1446 923 7),
1481 870 1598 927 quod
1626 885 1698 928 pa-

242 943 532 1002 tronymicum
563 957 658 984 esse
688 941 857 982 videtur
886 956 910 981 a
940 938 1174 986 ΛῙελάυτας.

352 1013 433 1053 Vs.
469 1012 536 1053 16.
596 1009 752 1067 Neque
784 1005 934 1058 εὗσαν,
967 1007 1083 1066 quod
1112 1022 1228 1047 nunc
1257 1004 1506 1063 expulimus
1536 1004 1696 1064 Sapph.

240 1080 323 1132 27,
367 1094 507 1136 neque
538 1077 696 1131 ἔσσαν,
734 1077 850 1134 quod
881 1084 945 1118 est
975 1075 1020 1117 in
1052 1075 1146 1116 cod.
1181 1075 1236 1127 4,
1276 1074 1453 1131 probari
1481 1089 1610 1132 posse
1639 1073 1700 1115 vi·

243 1148 395 1201 dctur3
441 1146 518 1188 sed
549 1163 571 1189 e
603 1145 767 1188 codicis
800 1144 833 1186 C
866 1145 1055 1187 lectione
1086 1144 1236 1184 ἐοῦσαν
1265 1142 1456 1198 genuina
1486 1141 1700 1184 Lesbiae-a

241 1215 380 1257 forma
409 1213 550 1255 ἐόισαν
580 1213 846 1255 restituenda
878 1228 973 1253 esse
1004 1211 1189 1253 videtur.

356 1283 431 1323 Id.
464 1281 638 1323 XXIX.
682 1298 745 1323 vs.
779 1283 820 1322 4.
856 1281 924 1322 16.
985 1278 1186 1321 Poenitet
1225 1275 1430 1327 3195207019'
1472 1283 1515 1318 ct
1553 1274 1696 1329 μάτης,

243 1366 352 1409 quae
390 1349 557 1391 nullius
598 1349 772 1391 dialecti
817 1357 951 1403 sunt,
1011 1363 1099 1388 non
1140 1347 1185 1388 in
1225 1347 1447 1387 ἐθέλῃσθα
1486 1350 1528 1386 et
1565 1344 1700 1396 ματεῖς

242 1419 312 1461 vel
340 1417 481 1471 μάτεις
511 1424 715 1459 mutasse.
799 1417 850 1458 Id
883 1425 1023 1457 tamen
1055 1414 1254 1471 egimus,
1305 1421 1351 1454 ut
1381 1412 1493 1454 nihil
1524 1411 1619 1454 sine
1647 1411 1700 1454 li-

242 1486 334 1529 bris
375 1492 667 1539 mutaremus,
726 1485 845 1542 quod
884 1483 1149 1526 Theocritus
1194 1483 1290 1539 ipse
1334 1479 1509 1523 dialecti
1556 1494 1698 1522 errore

243 1555 354 1596 male
388 1554 577 1595 scribere
607 1553 803 1611 potuisse
833 1552 1066 1594 videretur.
1145 1549 1373 1592 Ameisius
1405 1551 1455 1590 Z.
1486 1549 1520 1602 f.
1553 1551 1599 1589 A.
1634 1549 1696 1590 W.

244 1623 351 1665 1841
393 1638 436 1680 p.
470 1622 554 1664 270
582 1637 709 1679 seqq.
730 1652 742 1674 9
794 1621 871 1678 qui
911 1628 974 1662 tot
1015 1636 1103 1661 non
1133 1619 1316 1661 Aeolica
1346 1618 1393 1658 in
1425 1615 1699 1657 Theocriteis

242 1690 393 1732 relicta
443 1705 540 1731 csse
588 1689 766 1731 miratus
813 1696 909 1742 est,
968 1687 1217 1745 neglexisse
1247 1685 1445 1739 videtur,
1503 1698 1613 1742 quae
1651 1682 1698 1724 in

242 1758 509 1815 praefatione
540 1758 593 1800 de
622 1758 701 1800 hac
730 1774 778 1799 re
808 1771 1130 1799 monueramus.

820 1918 1117 1962 CORINNA.

357 2029 439 2071 Fr.
475 2031 544 2071 11.
617 2028 892 2086 CorrIgimus
931 2027 1036 2068 καλὰ
1076 2026 1195 2080 γερή’
1228 2025 1423 2077 ἀίὶῑυμέιίι
1460 2024 1490 2064 i.
1523 2038 1560 2065 6.
1594 2021 1700 2064 καλὰ

243 2096 388 2151 γεραιὰ
420 2096 664 2150 decoquam,
711 2099 892 2149 antiqua
924 2096 1079 2135 decora
1110 2099 1305 2135 cantura.

676 2256 917 2300 FOEDUS
954 2255 1272 2298 ELEORUM.

358 2369 483 2411 Nihil
514 2384 662 2411 corum
682 2402 692 2415 ‚
741 2366 899 2424 quibus
930 2383 953 2408 a
984 2367 1203 2407 Roeclzliio
1235 2363 1515 2406 discessimus
1535 2392 1547 2414 ,
1602 2376 1699 2420 pro-

245 2438 363 2479 bavit
394 2436 607 2478 Franzius
635 2435 776 2476 Elem.
811 2434 965 2492 Epigr.
1000 2435 1076 2474 Gr.
1112 2451 1152 2491 p.
1178 2434 1273 2474 380.
1347 2432 1406 2473 Ut
1435 2431 1697 2484 omittamus,

246 2522 356 2564 quae
388 2505 481 2563 ipsc
511 2503 672 2545 leviora
696 2502 940 2558 judicavit,
984 2503 1169 2558 primum
1201 2516 1295 2541 cum
1324 2498 1543 2540 Boeclzhio
1574 2495 1699 2555 spiri·

245 2581 336 2614 tum
378 2588 577 2630 asperum
627 2570 839 2627 supprimi
883 2570 1044 2624 jubet:
1106 2585 1203 2609 nam
1245 2584 1267 2609 c
1313 2567 1436 2623 galea
1475 2564 1697 2615 Hieronis,

246 2640 321 2682 ubi
351 2640 560 2681 articulus
594 2638 747 2695 spiritu
779 2645 920 2690 caret,
975 2637 1085 2678 nihil
1116 2634 1316 2677 concludi
1348 2649 1475 2691 posse
1505 2639 1699 2690 propter·

246 2724 324 2759 ea,
370 2707 485 2764 quod
524 2707 656 2763 longe
697 2706 779 2747 alia
818 2721 887 2747 res
922 2705 976 2745 sit
1018 2705 1059 2745 in
1093 2703 1276 2746 voculis.
1367 2703 1547 2744 Placent
1576 2715 1695 2753 sane,

247 2791 356 2833 quac
385 2776 442 2816 V.
476 2775 533 2816 D.
577 2790 617 2831 p.
651 2772 707 2815 98
746 2773 981 2831 disputavit
1019 2772 1070 2813 dc
1102 2771 1244 2829 asperi
1286 2770 1412 2827 signo
1451 2769 1495 2810 in
1527 2767 1696 2811 voculis
