1779 3079
536 185 576 244 ᾗ,
614 187 658 235 3.
728 187 802 233 De
839 195 1052 233 accentu.
1449 187 1514 237 33

76 323 205 374 ψιλαῖς
241 321 311 364 vel
350 325 532 375 κουᾳῶς.
606 321 721 378 Ergo
750 320 940 362 Joannes
968 336 1055 362 non
1085 330 1198 365 reete
1227 324 1436 383 praecipit
1464 315 1515 367 de

77 387 338 444 αὐτοματῶς,
383 389 536 431 melius
575 388 627 430 de
667 389 820 441 οὑταῖς,
867 403 999 444 quum
1029 393 1179 431 τουτῶν
1206 391 1414 435 Doricum
1443 393 1516 444 sit,

75 456 303 498 accedente
339 463 557 514 praeterea
596 455 811 497 Eustathii
852 456 1119 506 testimonio,
1180 459 1255 515 qui
1302 462 1431 509 οὖτῶς
1472 468 1520 502 ut

75 523 285 565 Doricum
325 525 445 565 affert
480 539 502 564 e
542 522 729 563 Theoer.
769 522 838 576 X,
868 523 924 565 47
947 526 1014 572 ¹⁶).
1088 524 1139 565 In
1178 525 1378 570 adverbio
1409 528 1520 576 ὅπως

70 589 219 646 judice
247 590 484 648 Apollonio
523 597 702 648 utraque
741 596 941 632 accentus
981 591 1113 645 ratio,
1161 592 1271 641 ὅπως
1310 602 1352 636 et
1391 596 1519 647 ὀπαῖς,

76 658 250 700 defendi
288 664 429 715 potest
458 660 524 707 ¹⁷).
616 657 733 711 Quid
776 673 876 699 vero
916 657 967 699 de
1006 658 1150 716 priore
1189 659 1308 701 illius
1346 663 1522 718 regulae

76 733 196 783 parte
219 724 501 780 judicandum
532 725 627 766 est‘?
688 725 854 782 Optimi
883 732 1077 768 auctores
1103 726 1284 781 docent,
1316 730 1524 771 nonnulla

76 792 274 834 adverbia
316 792 430 850 apud
458 792 695 834 Dorienses
725 800 895 834 acutum
936 793 982 835 in
1013 794 1160 836 ultima
1203 795 1434 850 habuisse,
1480 804 1526 838 ut

77 859 239 909 καλῶς,
288 859 428 912 σοφῶς
452 862 527 914 ¹3),
579 868 621 901 et
650 861 763 918 apud
792 860 934 918 ipsum
963 861 1175 903 ,Ioannem
1205 862 1249 903 in
1281 879 1329 904 ea
1359 864 1524 920 regula,

77 927 149 969 eui
179 928 284 969 haee
315 928 478 969 adnexa
518 935 608 981 est,
653 944 732 986 pro
771 931 1044 981 βαρυτονοῦσι
1081 929 1393 971 restituendum
1432 947 1527 974 esse

78 993 315 1044 ὀξυτονοῦσι
339 1011 468 1053 supra
484 995 728 1036 monuimus
748 1001 837 1036 not.
857 997 900 1048 4,
933 995 1047 1053 quod
1065 995 1155 1051 jam
1172 997 1409 1040 certissime
1427 1015 1527 1041 eon-

77 1063 290 1104 firmatum
320 1063 454 1105 vides.
522 1063 675 1120 Neque
712 1069 853 1103 tamen
892 1063 1033 1104 onmia
1061 1065 1258 1106 adverbia
1287 1065 1416 1122 vulgo
1449 1067 1529 1108 eir-

79 1130 287 1171 cumssexa
316 1130 409 1183 vel,
441 1129 556 1187 quod
584 1130 889 1185 Theognostus
919 1130 1043 1172 docet
1054 1162 1067 1184 ,
1099 1132 1149 1172 ab
1181 1132 1402 1188 adjectivis
1438 1133 1532 1182 ὀξυ-

78 1198 262 1249 νομέυοις
291 1196 477 1238 derivata
506 1195 620 1254 apud
648 1196 886 1239 Dorienses
921 1206 1090 1240 acutum
1119 1199 1165 1240 in
1196 1200 1281 1241 fine
1310 1201 1528 1255 habuisse,

77 1264 342 1322 Apollonius
374 1263 603 1320 signifieat.
676 1263 787 1305 Nam
817 1272 859 1306 et
886 1281 977 1306 eam
1007 1266 1224 1324 regulam,
1269 1284 1396 1325 quam
1433 1285 1529 1326 pro-

79 1332 229 1390 ponit,
289 1331 487 1373 adverbia
529 1331 815 1387 genitivorum
856 1333 1088 1391 pluralium
1127 1342 1347 1376 accentum
1389 1336 1530 1393 sequi,

79 1399 134 1440 ad
161 1397 366 1440 Doricam
395 1399 623 1441 dialectum
663 1399 836 1441 adhibet
876 1401 962 1443 vid.
995 1408 1084 1443 not.
1119 1403 1196 1456 14,
1245 1411 1287 1444 et
1324 1404 1532 1446 nonnulla

80 1473 245 1508 tantum
274 1466 498 1521 adverbia,
545 1483 676 1525 quum
707 1466 905 1508 enclitiea
933 1468 1062 1522 fiant,
1115 1477 1285 1511 acutum
1315 1486 1532 1513 assumere

82 1534 222 1576 doeet.
298 1534 448 1592 Itaque
479 1550 615 1592 pauca
646 1535 877 1591 quaedam,
923 1551 1101 1592 quarum
1131 1537 1195 1578 vis
1229 1537 1287 1578 ita
1318 1538 1534 1579 debilitari

80 1609 253 1660 posset,
298 1609 345 1643 ut
381 1602 604 1644 enclitieae
642 1602 819 1656 fierent,
866 1617 916 1643 eo
951 1611 1180 1661 praecepto
1212 1605 1329 1662 tangi
1358 1605 1533 1647 arbitra-

81 1685 204 1723 mur,
235 1675 283 1709 ut
313 1669 472 1719 καλώς,
508 1668 663 1723 σοᾳώς.
725 1669 824 1711 Non
855 1669 1068 1712 credimus
1090 1670 1249 1714 Joanni
1279 1671 1330 1713 de
1361 1671 1533 1727 κόμψως

82 1743 125 1777 et
156 1736 307 1785 ἅπλως.

132 1936 189 1974 16)
215 1935 380 1970 Eustath.
408 1938 495 1979 630,
524 1937 578 1973 29.
629 1939 769 1984 Δωριεῖς
793 1937 882 1972 κατὰ
905 1938 944 1972 τὸ
971 1941 1099 1979 καλῶς,
1125 1942 1254 1980 σοφῶς,
1279 1941 1429 1979 δυνατῶς
1452 1942 1534 1982 φασὶ

84 1994 141 2026 καὶ
168 1992 294 2035 οὖτῶς,
320 1990 410 2027 οἷον·
446 1995 620 2028 πιαίνεται
643 1995 660 2029 ὁ
688 1996 814 2038 στάχυς
839 1995 956 2035 οὖτῶς.
1022 2000 1063 2031 ln
1094 1998 1190 2031 bono
1215 1998 1408 2033 Theocriti
1435 1999 1534 2033 libro

83 2051 190 2094 (Ben.
217 2053 253 2092 2)
282 2058 336 2085 est
361 2048 477 2089 οἱῖτῶς.

134 2111 191 2150 17)
240 2108 366 2153 Apoll.
392 2109 438 2142 de
462 2109 544 2142 adv.
570 2111 658 2152 584,
687 2112 739 2145 19.
780 2112 872 2144 δοκεῖ
902 2124 960 2151 μοι
995 2115 1051 2144 καὶ
1086 2110 1173 2144 κατὰ
1209 2110 1272 2157 τὴν
1296 2113 1435 2159 Δωρίδα
1459 2113 1535 2147 διοί-

86 2166 203 2198 λεκτον
227 2169 274 2209 τῷ
299 2167 358 2206 μὲν
382 2168 691 2212 προκατειλεγμένῳ
716 2166 804 2211 λόγῳ
836 2166 959 2206 ὅπως
991 2167 1247 2211 ἀναγινώσκειν,
1295 2169 1386 2204 οὐδ’
1426 2168 1535 2209 ὅπως

87 2221 262 2269 ἄριστα·
286 2226 333 2266 τῷ
350 2224 462 2263 μέντοι
476 2226 608 2264 μᾶλλον
623 2223 750 2262 αὐτοὺς
774 2226 1082 2269 σι’γκαταβιβοίζειν
1104 2227 1150 2260 τὰ
1176 2227 1395 2274 ἓπιόῥήματα
1411 2226 1498 2262 ὃπῶ
1507 2242 1534 2267 ς,

89 2277 173 2314 ὥστε
202 2279 397 2326 ἀμφοτέρας
420 2294 483 2319 τας
506 2280 706 2324 ἀναγνώσεις
731 2293 791 2325 to,
794 2297 831 2316 ον
855 2285 907 2324 ἔχε
896 2287 1008 2317 boam

134 2340 191 2380 IS)
242 2338 369 2383 Apoll.
397 2338 442 2372 de
467 2339 547 2372 ad*
571 2341 659 2381 580,
685 2341 740 2374 33.
772 2340 870 2384 παρὰ
896 2341 1081 2388 Δωριεισιν
1105 2343 1177 2375 ἔνια
1202 2341 1391 2383 (adverbia
1416 2341 1452 2375 in
1481 2345 1536 2386 ως)

87 2392 261 2434 ὀξύνεται,
287 2392 368 2428 ὥστε
394 2398 491 2433 (num
517 2393 570 2429 ὅτε
582 2397 610 2437 3)
637 2395 708 2429 κατ’
735 2398 877 2439 ἔγκλισνν
902 2397 1115 2443 ἅπεγνώσθη
1141 2398 1161 2443 ἢ
1186 2399 1237 2441 ῥα
1262 2400 1339 2431 κά).
1352 2412 1400 2436 ως
1424 2402 1536 2441 (corr.

89 2451 213 2493 καλως)
240 2451 576 2497 ἀποκαθάρασα
600 2454 636 2487 ἐξ
625 2454 780 2490 Y'zkznz
792 2466 938 2500 οωσεν,
979 2457 1074 2490 unde
1100 2455 1267 2488 nonnulli
1291 2453 1332 2492 «ἴς
1358 2455 1537 2490 Doricum

90 2521 171 2544 esse
195 2517 389 2555 putarunt,
429 2509 502 2542 vid.
540 2521 574 2554 p.
605 2512 693 2552 581,
716 2513 737 2545 3
762 2519 796 2545 et
821 2514 907 2553 583,
933 2514 987 2547 20.
1024 2531 1058 2537 -
1113 2513 1281 2555 Theogn
1317 2513 1535 2557 Oxx.164‚

93 2578 136 2612 18
173 2577 282 2619 (A.nn
308 2576 431 2610 Bekk
472 2590 507 2623 p.
536 2579 650 2619 1123).
699 2580 838 2625 Δωριεῖς
874 2579 919 2612 τὰ
944 2579 1016 2615 ἀπὸ
1038 2584 1104 2614 τῶν
1129 2580 1173 2617 εἷς
1198 2593 1233 2617 ος
1255 2579 1291 2617 ὀξ
1296 2580 1418 2613 ιτόνων
1441 2582 1537 2628 ἐπιρ-

92 2633 233 2680 ῥνματα
256 2633 445 2676 ὂξύψοισιν,
483 2631 554 2668 οἷον
578 2634 678 2675 σοφὸς
702 2635 825 2676 σοφῶς,
850 2637 952 2676 καΙὸς
977 2638 1094 2676 καλῶς.
1122 2657 1160 2663 -
1213 2638 1350 2671 Herod.
1379 2651 1416 2672 π.
1444 2654 1478 2679 μ.
1506 2641 1535 2673 λ.

92 2703 157 2745 25,
183 2703 238 2738 29.
288 2701 385 2736 oudin>
417 2701 460 2739 a'g
493 2716 534 2740 ως
572 2705 674 2748 λῆγον
698 2704 868 2749 ἐπίὀρημα
892 2705 1027 2745 ὀξυνόμτ
1017 2719 1088 2739 ἕνον
1114 2703 1363 2751 §mereamim
1387 2708 1540 2755 Δωρίδος

95 2761 283 2795 διαλέκτου.

152 2832 211 2874 11.
1253 2838 1277 2878 3
