1779 3079
274 202 316 262 §.
338 201 419 251 41.
470 203 543 249 De
575 199 909 265 conjugatione
945 198 1147 262 perfecti
1177 208 1223 246 et
1252 215 1350 246 aor.
1383 199 1417 245 l.
1480 197 1578 248 329

126 337 184 379 ita
213 336 260 378 in
289 335 581 394 praesentium
607 336 787 378 formam
815 333 1037 391 redegisse
1055 364 1068 387 ,
1111 341 1159 375 ut
1199 335 1393 383 δεδοίκω,
1439 334 1577 376 ὀλώλω

124 420 204 463 pro
239 406 426 451 δέδοικα,
473 403 606 445 ὄλωλα
636 403 828 444 dicerent
868 408 910 443 et
939 402 1040 442 inde
1082 402 1272 460 reliquas
1310 403 1468 444 formas
1504 403 1576 445 de-

125 471 330 514 rivarent.
390 471 519 514 Nunc
559 472 656 526 ejus
693 468 866 526 generis
896 468 1056 510 formae
1088 470 1202 526 apud
1234 470 1467 529 scriptores
1497 470 1577 529 Sy-

126 555 360 581 racusanos
390 539 436 580 in
467 537 700 579 indicativo
731 535 935 591 objectivi
965 537 1043 576 hae
1071 536 1297 592 leguntur:

146 602 153 609 ⁵
241 607 394 664 Sing.
431 607 471 648 1.
533 604 702 644 &fidolum
740 603 927 646 Theocr.
959 603 1062 658 XV,
1097 604 1180 653 50,
1230 620 1358 662 quem
1397 605 1578 661 coujun-

126 674 285 716 ctiVum
329 689 424 716 esse
469 687 548 731 pro
591 670 829 713 indicativo
873 671 1012 713 bonus
1057 670 1297 728 Gregorius
1342 673 1580 714 somniatur

125 758 169 800 p.
201 742 298 785 324.

239 808 337 851 Sin
352 826 394 865 g.
427 810 469 852 2.
530 806 744 857 πεπόνθης
774 806 962 848 Theocr.
994 806 1107 860 VII,
1138 806 1193 849 83
1231 821 1254 848 e
1283 805 1422 848 tribus
1450 807 1578 848 libris

123 882 166 917 et
194 875 308 918 idem
337 876 407 929 X,
440 877 462 918 1
506 891 558 917 cx
588 884 684 918 octo
714 875 839 916 libris
871 890 950 932 pro
980 874 1202 922 πεπόνθεις
1232 875 1409 916 editum.
1472 875 1580 916 Item

122 944 181 998 V,
204 945 258 987 28
288 943 509 992 πεπόιιθεις
538 945 671 1002 vulgo
700 942 862 999 legitur
893 949 935 984 et
963 942 1169 992 πεποίθῃς
1201 941 1254 983 in.
1276 942 1425 1000 paucis
1454 942 1580 983 libris

125 1027 203 1069 pro
224 1014 433 1062 πεποίθη,
466 1011 582 1069 quod
612 1026 726 1052 nunc
760 1025 782 1051 e
813 1009 1087 1065 conjectura,
1118 1009 1208 1051 nisi
1229 1011 1386 1063 fallor,
1418 1010 1581 1052 editum

124 1086 217 1133 est,
267 1079 456 1121 secunda
498 1086 641 1120 tamen
685 1093 868 1135 persona
913 1076 1088 1118 defendi
1128 1093 1256 1134 posse
1299 1078 1471 1120 videtur
1519 1079 1578 1120 cf.

121 1146 378 1203 Bernhardy
408 1146 532 1203 Synt.
566 1162 610 1203 p.
642 1145 740 1188 455.
802 1144 1029 1185 Postremo
1060 1144 1251 1199 λελόγχης
1280 1162 1359 1202 pro
1389 1147 1581 1201 λε’λογχας

123 1231 147 1256 e
190 1214 417 1256 codicibus
459 1214 506 1256 S.
549 1216 593 1255 11.
635 1211 805 1256 restitui
838 1211 974 1267 jussit
1013 1212 1231 1269 Bergkius
1271 1214 1389 1256 Mus.
1433 1214 1578 1257 Rhcn.

63 1286 66 1301 2
123 1282 188 1324 vl
229 1299 272 1340 p.
305 1282 375 1324 39.

237 1349 332 1391 Sin
345 1367 387 1408 g.
423 1349 464 1391 3.
516 1347 682 1402 γεγάθει,
704 1348 860 1407 Epieh.
883 1348 939 1391 70
969 1347 1088 1399 (libri
1117 1349 1288 1401 γέγαθεῖ
1315 1356 1357 1390 ct
1385 1349 1578 1403 757021925),

124 1417 404 1472 ἆλιφθερώκει
449 1416 605 1474 Sophr.
648 1416 728 1470 (53,
769 1416 953 1469 τετμήκει
995 1416 1250 1458 Archimcd.
1298 1416 1350 1458 dc
1392 1416 1578 1459 Conoid.

123 1502 167 1542 p.
197 1485 280 1528 289
311 1492 352 1525 ct
379 1485 488 1538 297,
521 1483 665 1533 ὀπώπη
697 1484 882 1528 Thcoer.
911 1485 992 1539 IV,
1026 1485 1077 1539 7,
1114 1485 1231 1542 quod
1262 1500 1284 1526 e
1315 1492 1500 1542 quatuor
1528 1486 1580 1527 li-

121 1552 214 1594 bris
244 1560 286 1594 et
309 1551 524 1610 Gregorio
558 1569 601 1609 p.
621 1552 705 1595 256
735 1553 844 1594 male
865 1552 1338 1610 plusquamperfectum
1363 1569 1458 1595 esse
1488 1554 1580 1612 opi-

121 1628 224 1662 nato
265 1621 473 1677 scriptum
513 1628 581 1661 cst
629 1636 705 1677 pro
745 1619 929 1674 ὀπώπει,
976 1620 1068 1672 IV,
1101 1620 1157 1661 40
1197 1620 1244 1668 ὅς
1280 1637 1328 1673 με
1358 1620 1523 1675 λελόγχη
1556 1637 1580 1662 e

124 1687 318 1745 quinque
347 1688 497 1741 libris,
531 1687 607 1744 qui
636 1703 682 1738 με
714 1686 877 1741 λελόγχη
909 1695 981 1728 aut
1011 1686 1056 1739 μ’
1089 1686 1273 1742 ἐλελόγχη
1304 1704 1384 1746 pro
1404 1689 1580 1745 vulgata

123 1753 170 1807 μ’
205 1754 398 1810 ἑλελόγχει
437 1753 931 1812 (plusquamperfectum
974 1755 1080 1796 ferri
1117 1756 1315 1812 nequit),
1361 1756 1419 1810 V,
1455 1756 1508 1798 33
1538 1764 1580 1798 et

122 1822 177 1864 93
207 1822 368 1875 πεφύκῃ
401 1839 424 1864 c
452 1822 569 1864 binis
599 1822 726 1864 libris
754 1838 833 1880 pro
863 1823 1064 1876 πέᾳύκει,
1112 1822 1215 1864 item
1244 1822 1336 1877 XI,
1367 1824 1389 1866 ‘l
1422 1839 1445 1866 e
1476 1840 1579 1882 qua—

123 1897 221 1931 tuor
249 1889 393 1932 libris.

232 1956 329 1998 Jam
368 1956 555 2014 primum
593 1957 837 2016 intelliges,
884 1959 1008 2001 nullo
1040 1960 1142 2015 jure
1187 1959 1250 2009 (id
1292 1957 1409 2016 quod
1450 1957 1578 1999 etiam

120 2024 460 2066 Muchlmannus
490 2024 598 2067 vidit
628 2027 681 2069 de
711 2028 813 2070 dial.
846 2027 1003 2069 Bucol.
1036 2044 1079 2085 p.
1103 2028 1200 2078 142)
1231 2026 1466 2069 Theocrito
1495 2034 1578 2068 ter-

122 2091 382 2133 minationes
422 2110 474 2142 ης
504 2101 546 2134 et
576 2112 599 2143 η
641 2095 817 2137 donatas
857 2111 969 2137 esse.
1043 2095 1317 2137 Damnantur
1356 2102 1399 2136 et
1439 2110 1576 2152 gram-

121 2159 374 2200 maticorum
415 2161 706 2216 testimoniis,
764 2163 841 2221 qui
892 2163 1131 2221 praesentis
1185 2163 1511 2205 terminationes
1554 2178 1578 2203 a

123 2225 289 2268 Siculis
325 2236 563 2285 assumptas
603 2229 754 2273 dicunt
795 2231 826 2272 i.
860 2247 898 2272 e.
942 2248 1000 2279 εις
1039 2239 1082 2273 et
1121 2247 1156 2271 ει
1194 2231 1282 2272 vid.
1315 2231 1358 2283 ξ.
1389 2230 1471 2283 20,
1504 2229 1575 2283 10,

123 2302 166 2336 et
202 2293 414 2336 librorum
456 2298 726 2348 auctoritate,
772 2299 1080 2357 plerorumque
1126 2299 1239 2356 apud
1278 2297 1575 2351 Theocritum,

122 2360 316 2402 omnium
360 2362 475 2419 apud
516 2362 853 2421 Epicharmum,
902 2367 1206 2425 Sophronem,
1250 2364 1573 2406 Archimedem.

122 2428 294 2470 Deinde
314 2429 621 2485 animadverte,
654 2433 792 2475 solum
816 2435 1083 2493 singularem
1103 2450 1151 2476 ea
1169 2434 1404 2476 mutatione
1428 2432 1574 2490 tangi,

1584 2497 1596 2516 Ο

120 2606 190 2654 ἧκα
222 2623 242 2646 e
268 2612 504 2658 Syracusano
539 2611 606 2645 illo
638 2623 738 2647 more
770 2614 952 2658 repetitur
985 2621 1040 2656 et,
1080 2614 1145 2647 ubi
1178 2613 1296 2648 Siculi
1330 2613 1574 2658 nominantur,

121 2669 217 2702 Ann-
244 2669 344 2703 Oxx.
372 2670 415 2711 Ι,
442 2670 529 2710 282,
554 2671 611 2707 25,
637 2670 696 2704 Et.
724 2671 776 2704 M.
803 2672 888 2712 322,
917 2673 985 2712 56,
1022 2672 1083 2706 Et.
1112 2671 1156 2704 G.
1182 2672 1270 2709 275,
1295 2672 1334 2713 5,
1376 2672 1576 2708 Herodian.

121 2724 158 2757 in
185 2727 230 2759 H.
258 2727 378 2760 Adon.
414 2726 439 2761 f.
467 2727 544 2761 206.
581 2748 623 2754 —
672 2727 813 2763 Scholl.
841 2729 1002 2762 Theocr.
1033 2729 1079 2769 V,
1105 2729 1148 2762 23
1181 2728 1227 2761 ad
1260 2730 1465 2769 πεποίθειςε
1503 2730 1576 2765 ἀπὸ

120 2785 182 2815 τοῦ
205 2784 366 2817 πέποιθα
389 2785 551 2818 πεποίθω
577 2783 711 2822 ἐνεστὼς
736 2783 778 2823 ὠς
802 2784 874 2820 ἀπὸ
898 2789 960 2819 τοῦ
986 2786 1120 2819 δέδοικα
1143 2786 1292 2820 (leduino).
