1779 3079
583 213 624 272 ἕ.
658 215 737 261 27.
809 212 883 260 De
915 212 1056 260 crasi.
1448 211 1543 257 221

108 352 396 413 grammaticis
438 351 696 394 testantibus
719 353 778 403 Ι),
839 349 915 407 qui
958 348 1063 401 τῆμά
1102 350 1281 391 afferunt
1325 364 1348 391 e
1376 345 1426 388 τὰ
1457 348 1547 400 ἐμά.

107 422 234 464 Nune
275 422 504 479 leguntur:
552 419 712 476 Amph.
749 416 881 469 1688,
913 417 967 459 43
998 416 1122 470 κ),·’πι’,
1170 417 1286 459 Cret.
1318 417 1429 459 ,2554
1461 431 1550 457 sae-

108 490 208 548 pius
239 488 339 539 κῆπί
367 497 409 529 et
439 486 514 537 κῆς
553 502 576 528 e
608 488 676 526 καὶ
708 486 773 533 ἐς,
822 484 932 527 3047
961 483 1259 539 κιῖπαινεόμενς
1307 484 1463 541 Epich.
1500 485 1551 527 19

109 558 306 608 κῆπειτα,
339 557 394 599 42
424 552 913 609 κήκτραπελογάστορας,
946 552 1000 594 48
1029 551 1280 601 κήκελήσατο
1314 554 1551 610 (corrigen-

110 627 162 668 da
203 632 322 666 erant
363 622 472 676 κάγώ
502 623 582 675 94,
617 621 670 663 17
710 628 752 662 et
783 619 985 673 uivssckqw
1016 620 1115 674 46);
1163 619 1319 676 Soplir.
1353 620 1379 661 6
1422 620 1551 674 κῆγώ,

108 695 163 737 29
195 693 389 742 κῆπειτα,
435 691 486 732 71
530 688 956 742 κήκεκρατηρίχημεςξ,
1002 687 1194 729 Aeharn.
1230 688 1308 729 701
1352 689 1552 743 κῆπειτεν,

109 761 190 804 753
221 757 455 811 κήρυθραί,
487 757 570 800 756
600 756 708 810 κήκ,
739 756 883 797 Alcm.
908 755 961 797 52
982 754 1075 810 (19)
1106 755 1231 808 κῆπί,
1265 756 1317 797 56
1338 755 1428 812 (17)
1459 757 1549 807 κῃί».

107 827 243 869 Multa
275 825 434 867 similia
464 825 577 882 apud
606 823 886 866 Theocritum
915 824 1142 879 leguntur,
1175 825 1251 881 qui
1282 833 1395 865 recte
1427 825 1553 868 eliam

108 891 210 952 κῇπε
242 894 279 946 l,
310 894 381 945 97,
414 891 520 950 κ’ᾐπέ
548 892 616 941 ΙΙ,
653 891 757 944 101,
789 892 883 948 affre
913 891 971 942 ll,
1008 892 1088 934 ’150
1116 908 1193 949 pro
1225 893 1298 932 καί
1325 908 1421 934 cum
1455 892 1553 942 εἷπε,

110 963 221 1012 εἰπέ,
264 964 353 1002 εἴτε.
425 961 533 1002 Cum
567 960 763 1017 sequenti
796 959 1064 1017 diphthongo
1097 977 1138 1001 ευ
1170 961 1266 1018 lege
1298 962 1554 1003 contractio-

109 1031 178 1072 nis
210 1037 404 1072 aceurate
435 1036 599 1069 servata
636 1030 705 1068 καί
734 1028 846 1085 apud
873 1028 1113 1069 Dorienses
1151 1028 1197 1069 in
1234 1046 1286 1078 ηυ
1324 1029 1558 1087 conjungi-

110 1107 205 1153 ων,
236 1104 349 1139 certe
380 1096 536 1154 Epich.
569 1097 623 1138 23
654 1097 698 1136 in
730 1095 856 1137 libris
888 1103 954 1137 cst
982 1095 1199 1150 κηύγονοι,
1233 1097 1348 1138 unde
1379 1099 1558 1148 κηῦωνοι

109 1165 414 1224 procudimus‚
462 1171 503 1206 et
530 1164 718 1205 Theoer.
750 1163 831 1217 IV,
863 1163 913 1205 31
947 1160 1047 1214 κιῖυ,
1095 1180 1227 1222 quum
1266 1166 1398 1224 vulgo
1425 1165 1556 1207 κεύτυ-

107 1237 240 1289 χοῦσα
270 1240 312 1275 et
342 1232 499 1274 similia
532 1232 787 1273 scribantur.

226 1334 277 1357 α-
291 1335 313 1366 η
339 1315 457 1371 justa
480 1315 772 1358 contractione
796 1317 1065 1371 coalescunt,
1094 1326 1142 1359 nt
1160 1317 1319 1373 χήσεῖτε
1330 1318 1443 1360 Ach.
1457 1320 1554 1362 713.

226 1420 307 1443 α-ι
336 1419 461 1460 quam
495 1403 636 1445 crasiu
667 1403 712 1444 in
742 1402 907 1445 Doride
936 1404 1179 1462 patiantur,
1225 1421 1311 1447 non
1355 1405 1458 1447 satis
1488 1422 1558 1463 ap·

110 1478 244 1529 paret.
304 1470 413 1512 Nam
443 1472 629 1525 χίππίδια
659 1470 817 1529 Epich.
852 1471 906 1514 50
936 1488 959 1514 e
989 1472 1315 1530 corruptissima
1347 1473 1560 1516 librorum

110 1538 298 1580 lectione
328 1541 509 1588 λιηπίὸια
540 1539 725 1581 effictum
759 1546 840 1580 est.

228 1643 277 1665 α-
298 1642 318 1665 ο
350 1631 392 1665 et
425 1641 525 1664 a-0›
557 1624 793 1665 seeundum
816 1623 1003 1666 Doricae
1034 1625 1341 1667 contractionis
1371 1626 1562 1684 proprie-

113 1700 241 1735 tatem
273 1693 316 1733 in
347 1693 523 1749 longum
558 1693 583 1731 ἇ
612 1692 918 1733 coalescerent.
988 1692 1096 1748 Ejus
1126 1699 1267 1734 tamen
1297 1693 1477 1735 rationis
1508 1709 1563 1735 ne

115 1761 252 1802 ullum
282 1759 456 1817 quidem
486 1758 717 1817 vestigium
748 1749 986 1817 reperitur,
1021 1761 1096 1802 sed
1127 1778 1180 1811 ω,
1212 1768 1260 1802 ut
1279 1761 1425 1818 vulgo,
1460 1776 1563 1802 con-

116 1828 297 1886 spicitur
335 1827 379 1868 in
425 1827 520 1869 his:
579 1827 736 1885 Epich.
769 1828 838 1870 45.
877 1827 932 1870 60
971 1827 1029 1882 χώ
1070 1844 1147 1886 pro
1188 1831 1257 1869 καῖ
1297 1830 1348 1879 ὁ,
1393 1829 1449 1871 27
1477 1828 1562 1883 χῶς

117 1894 238 1951 (libri
265 1897 359 1950 χος)
391 1910 468 1951 pro
492 1897 561 1935 ua?
592 1895 651 1943 ὅς,
685 1896 734 1937 31
763 1894 949 1949 κώλίγου,
982 1896 1037 1938 40
1062 1895 1339 1951 κώξύρυγχοι,
1373 1897 1560 1938 Thcoer.

117 1963 199 2017 IV,
232 1963 284 2005 16
313 1962 492 2013 voiana,
546 1963 619 2016 ΙΙ,
652 1962 706 2005 30
744 1962 828 2017 χώς
865 1979 944 2020 pro
985 1966 1055 2004 καὶ
1087 1965 1165 2014 ὦς,
1210 1964 1291 2018 IV,
1325 1964 1379 2007 30
1417 1964 1563 2020 κῷχετο

117 2031 198 2084 IV,
231 2031 283 2073 ‘10
312 2038 392 2072 etc.
454 2030 625 2072 Deinde
657 2029 931 2085 κῴκτίρμονος
962 2031 1150 2073 Theocr.
1182 2032 1287 2085 XV,
1318 2032 1372 2075 75
1402 2032 1566 2074 Meine-

117 2098 216 2139 hius
247 2098 340 2139 sine
370 2098 496 2140 libris
529 2098 729 2155 scripsit,
762 2114 842 2140 nec
873 2099 1163 2157 spernendum
1195 2108 1261 2142 est
1289 2100 1345 2156 χῷ
1375 2101 1405 2142 i.
1428 2116 1465 2142 e.
1499 2102 1568 2141 καὶ

122 2169 187 2219 οἱ,
233 2165 348 2223 quod
386 2166 430 2206 in
469 2167 617 2223 paucis
657 2166 784 2208 libris
825 2167 986 2223 legitur
1012 2167 1146 2218 VIII,
1179 2169 1247 2211 28.
1282 2170 1352 2212 29.
1398 2169 1490 2222 ΙΧ,
1523 2169 1566 2218 4,

120 2232 207 2274 vid.
239 2232 401 2274 Buttm.
437 2233 511 2274 Gr.
544 2233 621 2275 Gr.
654 2234 695 2287 §-
727 2235 782 2277 29
812 2243 900 2276 not.
932 2236 997 2278 19.
1059 2235 1120 2277 Ut
1149 2237 1262 2295 apud
1294 2236 1568 2294 Sapphonem

122 2299 233 2341 κωύκ
265 2300 318 2340 fr.
353 2300 403 2353 1,
434 2301 514 2353 24,
571 2302 627 2342 ita
657 2302 815 2359 Epieh.
852 2303 904 2345 19
935 2301 1088 2343 κωιίὃέν
1126 2305 1171 2345 in
1203 2305 1330 2346 libris
1363 2304 1568 2361 scriptum

122 2376 213 2421 est,
254 2367 381 2422 eujus
413 2367 466 2408 ad
495 2384 685 2410 normam
718 2370 842 2411 etiam
875 2370 1063 2412 κοῦποκα
1093 2371 1147 2413 fr.
1179 2373 1256 2421 94,
1292 2373 1360 2414 15.
1395 2372 1448 2414 ’18
1478 2387 1568 2412 cor-

121 2435 351 2493 rig-endum
390 2435 613 2489 duximus,
665 2452 909 2495 quanquam
941 2438 986 2479 in
1017 2439 1239 2481 Theocriti
1268 2439 1394 2480 libris
1426 2438 1501 2480 κου’
1530 2439 1567 2493 Ι,

122 2503 202 2553 62,
236 2502 361 2544 κούδέ
388 2503 446 2552 ΙΙ,
478 2502 558 2557 25,
591 2503 729 2545 κοῦπω
760 2505 874 2560 VII,
909 2506 966 2549 10·
990 2514 1071 2550 ete.
1105 2507 1263 2565 scripta
1292 2507 1511 2565 leguntur.

174 2682 206 2721 l)
255 2680 438 2715 Choerob.
470 2682 592 2715 Bekk.
628 2684 716 2717 1282
749 2683 882 2724 (Gaisf.
909 2687 996 2726 530,
1024 2688 1092 2727 15).
1153 2684 1251 2730 παρὰ
1287 2688 1357 2721 τοῖς
1390 2685 1573 2729 Δωριεῦσιν

127 2736 169 2775 εἷς
194 2739 216 2782 ἧ
242 2741 396 2785 κιρνᾶται
427 2736 465 2771 τὸ
500 2738 523 2770 c?
548 2739 603 2771 καὶ
627 2741 662 2779 ἑ,
698 2737 768 2774 οἷον
798 2740 840 2774 τὰ
875 2742 938 2782 ἐμοὶ
968 2741 1073 2787 τῆμεί.
1124 2742 1216 2776 Item
1242 2742 1298 2777 Et.
1329 2743 1379 2777 M.
1406 2743 1490 2786 201,
1515 2744 1571 2785 54,

130 2796 176 2828 εἴ.
203 2796 298 2831 Anu.
327 2798 426 2830 Oxx.
456 2797 525 2839 IV,
550 2799 638 2840 361,
664 2798 718 2833 27.
780 2811 784 2814 ·
