<?xml version="1.0" encoding="UTF-8"?>
<!DOCTYPE html PUBLIC "-//W3C//DTD XHTML 1.0 Transitional//EN"
    "http://www.w3.org/TR/xhtml1/DTD/xhtml1-transitional.dtd">
<html xmlns="http://www.w3.org/1999/xhtml" xml:lang="en" lang="en">
 <head>
  <title>
</title>
<meta http-equiv="Content-Type" content="text/html;charset=utf-8" />
  <meta name='ocr-system' content='tesseract 3.04.00' />
  <meta name='ocr-capabilities' content='ocr_page ocr_carea ocr_par ocr_line ocrx_word'/>
</head>
<body>
  <div class='ocr_page' id='page_1' title='image "./degraecaelinguae01ahreuoft_0549.png"; bbox 0 0 1779 3079; ppageno 0'>
   <div class='ocr_carea' id='block_1_1' title="bbox 450 172 1550 234">
    <p class='ocr_par' dir='ltr' id='par_1_1' title="bbox 450 172 1550 234">
     <span class='ocr_line' id='line_1_1' title="bbox 450 172 1550 234; baseline -0.001 -12"><span class='ocrx_word' id='word_1_1' title='bbox 450 177 492 234; x_wconf 62' lang='lat'>§2</span> <span class='ocrx_word' id='word_1_2' title='bbox 531 175 611 224; x_wconf 82' lang='lat'>28.</span> <span class='ocrx_word' id='word_1_3' title='bbox 684 176 755 222; x_wconf 90' lang='lat' dir='ltr'>De</span> <span class='ocrx_word' id='word_1_4' title='bbox 793 172 1107 220; x_wconf 79' lang='lat' dir='ltr'>declinatione</span> <span class='ocrx_word' id='word_1_5' title='bbox 1145 173 1179 219; x_wconf 91' lang='grc' dir='ltr'>Ι.</span> <span class='ocrx_word' id='word_1_6' title='bbox 1451 173 1550 222; x_wconf 84' lang='grc'>225</span> 
     </span>
    </p>
   </div>
   <div class='ocr_carea' id='block_1_2' title="bbox 95 307 1603 2264">
    <p class='ocr_par' dir='ltr' id='par_1_2' title="bbox 95 307 1603 1577">
     <span class='ocr_line' id='line_1_2' title="bbox 102 307 1547 369; baseline -0.001 -16"><span class='ocrx_word' id='word_1_7' title='bbox 102 327 243 369; x_wconf 88' lang='lat' dir='ltr'>neque</span> <span class='ocrx_word' id='word_1_8' title='bbox 273 312 357 353; x_wconf 84' lang='lat' dir='ltr'>alia</span> <span class='ocrx_word' id='word_1_9' title='bbox 388 312 522 352; x_wconf 78' lang='lat' dir='ltr'>forma</span> <span class='ocrx_word' id='word_1_10' title='bbox 552 310 596 351; x_wconf 90' lang='lat' dir='ltr'>in</span> <span class='ocrx_word' id='word_1_11' title='bbox 621 307 877 351; x_wconf 79' lang='lat' dir='ltr'><strong>certioribus</strong></span> <span class='ocrx_word' id='word_1_12' title='bbox 899 307 1079 351; x_wconf 81' lang='lat' dir='ltr'>Doridis</span> <span class='ocrx_word' id='word_1_13' title='bbox 1105 309 1297 351; x_wconf 85' lang='lat' dir='ltr'>fontibus</span> <span class='ocrx_word' id='word_1_14' title='bbox 1319 309 1547 367; x_wconf 82' lang='lat' dir='ltr'>reperitur,</span> 
     </span>
     <span class='ocr_line' id='line_1_3' title="bbox 100 375 1546 436; baseline -0.002 -15"><span class='ocrx_word' id='word_1_15' title='bbox 100 379 187 422; x_wconf 85' lang='lat' dir='ltr'>nisi</span> <span class='ocrx_word' id='word_1_16' title='bbox 229 380 338 420; x_wconf 80' lang='lat' dir='ltr'>forte</span> <span class='ocrx_word' id='word_1_17' title='bbox 378 394 455 436; x_wconf 88' lang='lat' dir='ltr'>per</span> <span class='ocrx_word' id='word_1_18' title='bbox 495 393 681 419; x_wconf 87' lang='lat' dir='ltr'>errorem</span> <span class='ocrx_word' id='word_1_19' title='bbox 722 375 1077 417; x_wconf 84' lang='lat' dir='ltr'><strong>describentium.</strong></span> <span class='ocrx_word' id='word_1_20' title='bbox 1166 377 1229 418; x_wconf 80' lang='lat' dir='ltr'>Ita</span> <span class='ocrx_word' id='word_1_21' title='bbox 1276 385 1444 435; x_wconf 87' lang='lat' dir='ltr'>praeter</span> <span class='ocrx_word' id='word_1_22' title='bbox 1482 394 1546 424; x_wconf 90' lang='lat' dir='ltr'>ea,</span> 
     </span>
     <span class='ocr_line' id='line_1_4' title="bbox 100 442 1547 505; baseline -0.001 -17"><span class='ocrx_word' id='word_1_23' title='bbox 100 463 210 505; x_wconf 90' lang='lat' dir='ltr'>quac</span> <span class='ocrx_word' id='word_1_24' title='bbox 244 446 485 491; x_wconf 74' lang='lat' dir='ltr'>Boeckhius</span> <span class='ocrx_word' id='word_1_25' title='bbox 531 446 572 485; x_wconf 92' lang='lat' dir='ltr'>in</span> <span class='ocrx_word' id='word_1_26' title='bbox 605 444 744 486; x_wconf 88' lang='lat' dir='ltr'>titulis</span> <span class='ocrx_word' id='word_1_27' title='bbox 777 442 988 494; x_wconf 84' lang='lat' dir='ltr'>correxit,</span> <span class='ocrx_word' id='word_1_28' title='bbox 1037 444 1145 486; x_wconf 87' lang='lat' dir='ltr'>male</span> <span class='ocrx_word' id='word_1_29' title='bbox 1186 442 1402 494; x_wconf 76' lang='grc' dir='ltr'><em>Εὐηθίδου</em></span> <span class='ocrx_word' id='word_1_30' title='bbox 1442 445 1547 502; x_wconf 76' lang='lat' dir='ltr'>legi-</span> 
     </span>
     <span class='ocr_line' id='line_1_5' title="bbox 99 510 1603 569; baseline -0.001 -13"><span class='ocrx_word' id='word_1_31' title='bbox 99 514 242 556; x_wconf 87' lang='lat' dir='ltr'>turin</span> <span class='ocrx_word' id='word_1_32' title='bbox 275 514 459 555; x_wconf 86' lang='lat' dir='ltr'>Thaum.</span> <span class='ocrx_word' id='word_1_33' title='bbox 496 512 629 563; x_wconf 74' lang='lat'>1772,</span> <span class='ocrx_word' id='word_1_34' title='bbox 678 511 752 552; x_wconf 92' lang='lat' dir='ltr'>ubi</span> <span class='ocrx_word' id='word_1_35' title='bbox 797 526 930 568; x_wconf 87' lang='lat' dir='ltr'>quum</span> <span class='ocrx_word' id='word_1_36' title='bbox 971 510 1123 551; x_wconf 81' lang='lat' dir='ltr'>Leakii</span> <span class='ocrx_word' id='word_1_37' title='bbox 1165 513 1459 569; x_wconf 79' lang='lat' dir='ltr'>apographum</span> <span class='ocrx_word' id='word_1_38' title='bbox 1502 529 1547 553; x_wconf 81' lang='grc' dir='ltr'>ου</span> <span class='ocrx_word' id='word_1_39' title='bbox 1594 548 1603 555; x_wconf 67' lang='grc'>,</span> 
     </span>
     <span class='ocr_line' id='line_1_6' title="bbox 100 577 1547 634; baseline -0.001 -11"><span class='ocrx_word' id='word_1_40' title='bbox 100 582 292 634; x_wconf 76' lang='lat' dir='ltr'>omittat,</span> <span class='ocrx_word' id='word_1_41' title='bbox 335 581 445 621; x_wconf 86' lang='lat' dir='ltr'>hand</span> <span class='ocrx_word' id='word_1_42' title='bbox 477 579 607 620; x_wconf 85' lang='lat' dir='ltr'>dubie</span> <span class='ocrx_word' id='word_1_43' title='bbox 638 578 835 629; x_wconf 72' lang='grc' dir='ltr'><em>Εὐηθίὸα</em></span> <span class='ocrx_word' id='word_1_44' title='bbox 866 577 1176 619; x_wconf 86' lang='lat' dir='ltr'>restituendum</span> <span class='ocrx_word' id='word_1_45' title='bbox 1209 587 1286 619; x_wconf 88' lang='lat' dir='ltr'>est.</span> <span class='ocrx_word' id='word_1_46' title='bbox 1358 580 1547 621; x_wconf 82' lang='lat' dir='ltr'>Excusa-</span> 
     </span>
     <span class='ocr_line' id='line_1_7' title="bbox 100 646 1549 703; baseline -0.002 -12"><span class='ocrx_word' id='word_1_47' title='bbox 100 649 262 692; x_wconf 86' lang='lat' dir='ltr'>tionem</span> <span class='ocrx_word' id='word_1_48' title='bbox 307 649 432 689; x_wconf 84' lang='lat' dir='ltr'>habet</span> <span class='ocrx_word' id='word_1_49' title='bbox 472 648 787 702; x_wconf 66' lang='grc' dir='ltr'>Δρακοντίδου,</span> <span class='ocrx_word' id='word_1_50' title='bbox 836 646 1057 703; x_wconf 75' lang='lat' dir='ltr'>peregrini</span> <span class='ocrx_word' id='word_1_51' title='bbox 1098 646 1287 687; x_wconf 85' lang='lat' dir='ltr'>Iasensis</span> <span class='ocrx_word' id='word_1_52' title='bbox 1318 662 1472 688; x_wconf 89' lang='lat' dir='ltr'>nomen</span> <span class='ocrx_word' id='word_1_53' title='bbox 1505 647 1549 688; x_wconf 90' lang='lat' dir='ltr'>in</span> 
     </span>
     <span class='ocr_line' id='line_1_8' title="bbox 101 713 1548 774; baseline -0.003 -15"><span class='ocrx_word' id='word_1_54' title='bbox 101 718 298 774; x_wconf 78' lang='lat' dir='ltr'>Calymn.</span> <span class='ocrx_word' id='word_1_55' title='bbox 341 715 467 758; x_wconf 77' lang='grc'>2671.</span> <span class='ocrx_word' id='word_1_56' title='bbox 559 715 715 756; x_wconf 89' lang='lat' dir='ltr'>Errore</span> <span class='ocrx_word' id='word_1_57' title='bbox 755 713 1001 764; x_wconf 57' lang='grc' dir='ltr'><em>Πηληίἳοὶὁαο</em></span> <span class='ocrx_word' id='word_1_58' title='bbox 1049 713 1257 756; x_wconf 87' lang='lat' dir='ltr'>Doricum</span> <span class='ocrx_word' id='word_1_59' title='bbox 1302 713 1461 755; x_wconf 88' lang='lat' dir='ltr'>dicitur</span> <span class='ocrx_word' id='word_1_60' title='bbox 1502 715 1548 755; x_wconf 89' lang='lat' dir='ltr'>in</span> 
     </span>
     <span class='ocr_line' id='line_1_9' title="bbox 99 781 1549 838; baseline -0.003 -12"><span class='ocrx_word' id='word_1_61' title='bbox 99 787 216 826; x_wconf 88' lang='lat' dir='ltr'>Ann.</span> <span class='ocrx_word' id='word_1_62' title='bbox 252 783 363 825; x_wconf 83' lang='lat' dir='ltr'><strong>Oxx.</strong></span> <span class='ocrx_word' id='word_1_63' title='bbox 401 783 434 835; x_wconf 88' lang='grc' dir='ltr'>Ι,</span> <span class='ocrx_word' id='word_1_64' title='bbox 468 783 566 836; x_wconf 82' lang='grc'>346,</span> <span class='ocrx_word' id='word_1_65' title='bbox 599 783 653 825; x_wconf 75' lang='grc'>26</span> <span class='ocrx_word' id='word_1_66' title='bbox 685 790 726 824; x_wconf 93' lang='lat' dir='ltr'>et</span> <span class='ocrx_word' id='word_1_67' title='bbox 758 783 828 824; x_wconf 86' lang='lat' dir='ltr'>Et.</span> <span class='ocrx_word' id='word_1_68' title='bbox 856 782 968 824; x_wconf 87' lang='lat' dir='ltr'>Gud.</span> <span class='ocrx_word' id='word_1_69' title='bbox 1000 781 1101 834; x_wconf 84' lang='grc'>456,</span> <span class='ocrx_word' id='word_1_70' title='bbox 1134 782 1213 835; x_wconf 73' lang='lat'>383</span> <span class='ocrx_word' id='word_1_71' title='bbox 1246 796 1385 838; x_wconf 91' lang='lat' dir='ltr'>neque</span> <span class='ocrx_word' id='word_1_72' title='bbox 1412 782 1549 838; x_wconf 70' lang='lat' dir='ltr'>magis</span> 
     </span>
     <span class='ocr_line' id='line_1_10' title="bbox 98 847 1550 908; baseline -0.003 -15"><span class='ocrx_word' id='word_1_73' title='bbox 98 852 314 894; x_wconf 87' lang='lat' dir='ltr'>eredimus</span> <span class='ocrx_word' id='word_1_74' title='bbox 345 852 563 893; x_wconf 76' lang='lat' dir='ltr'>Boeckbio</span> <span class='ocrx_word' id='word_1_75' title='bbox 597 852 641 892; x_wconf 90' lang='lat' dir='ltr'>in</span> <span class='ocrx_word' id='word_1_76' title='bbox 674 851 853 908; x_wconf 86' lang='lat' dir='ltr'>antiquo</span> <span class='ocrx_word' id='word_1_77' title='bbox 885 850 1009 891; x_wconf 87' lang='lat' dir='ltr'>titulo</span> <span class='ocrx_word' id='word_1_78' title='bbox 1040 849 1235 891; x_wconf 81' lang='lat' dir='ltr'><strong>Theraeo</strong></span> <span class='ocrx_word' id='word_1_79' title='bbox 1265 865 1331 889; x_wconf 88' lang='lat' dir='ltr'>nr.</span> <span class='ocrx_word' id='word_1_80' title='bbox 1359 847 1410 888; x_wconf 75' lang='lat'>‘13</span> <span class='ocrx_word' id='word_1_81' title='bbox 1440 847 1550 889; x_wconf 80' lang='grc' dir='ltr'><em>Ἰσο-</em></span> 
     </span>
     <span class='ocr_line' id='line_1_11' title="bbox 97 915 1550 968; baseline -0.003 -8"><span class='ocrx_word' id='word_1_82' title='bbox 97 922 257 961; x_wconf 76' lang='grc' dir='ltr'><em>κλείὸαο</em></span> <span class='ocrx_word' id='word_1_83' title='bbox 290 918 411 960; x_wconf 73' lang='grc' dir='ltr'><em>θετὸν</em></span> <span class='ocrx_word' id='word_1_84' title='bbox 443 935 504 960; x_wconf 87' lang='lat' dir='ltr'>sc.</span> <span class='ocrx_word' id='word_1_85' title='bbox 539 918 623 959; x_wconf 65' lang='grc' dir='ltr'>υἱόν</span> <span class='ocrx_word' id='word_1_86' title='bbox 664 935 717 960; x_wconf 82' lang='lat' dir='ltr'>ex</span> <span class='ocrx_word' id='word_1_87' title='bbox 749 924 906 968; x_wconf 80' lang='grc' dir='ltr'><em>Ισοκαη</em></span> <span class='ocrx_word' id='word_1_88' title='bbox 932 920 948 967; x_wconf 90' lang='grc' dir='ltr'>ΙΙ</span> <span class='ocrx_word' id='word_1_89' title='bbox 969 923 1160 958; x_wconf 66' lang='grc' dir='ltr'><em>ιαοθετοιι</em></span> <span class='ocrx_word' id='word_1_90' title='bbox 1190 915 1449 958; x_wconf 87' lang='lat' dir='ltr'>restituenti.</span> <span class='ocrx_word' id='word_1_91' title='bbox 1496 941 1550 946; x_wconf 97' lang='lat'><strong>—</strong></span> 
     </span>
     <span class='ocr_line' id='line_1_12' title="bbox 95 984 1548 1045; baseline -0.003 -16"><span class='ocrx_word' id='word_1_92' title='bbox 95 987 208 1029; x_wconf 79' lang='lat' dir='ltr'>Mira</span> <span class='ocrx_word' id='word_1_93' title='bbox 240 987 420 1045; x_wconf 79' lang='lat' dir='ltr'>genitivi</span> <span class='ocrx_word' id='word_1_94' title='bbox 454 988 586 1028; x_wconf 83' lang='lat' dir='ltr'>forma</span> <span class='ocrx_word' id='word_1_95' title='bbox 620 994 685 1028; x_wconf 89' lang='lat' dir='ltr'>est</span> <span class='ocrx_word' id='word_1_96' title='bbox 723 986 885 1033; x_wconf 75' lang='grc' dir='ltr'><em>Ψύλλας</em></span> <span class='ocrx_word' id='word_1_97' title='bbox 916 985 960 1026; x_wconf 85' lang='grc' dir='ltr'>ἰη</span> <span class='ocrx_word' id='word_1_98' title='bbox 994 984 1172 1042; x_wconf 68' lang='lat' dir='ltr'>Corcyr.</span> <span class='ocrx_word' id='word_1_99' title='bbox 1210 984 1342 1036; x_wconf 77' lang='grc'>1845,</span> <span class='ocrx_word' id='word_1_100' title='bbox 1376 984 1443 1026; x_wconf 85' lang='grc'>36.</span> <span class='ocrx_word' id='word_1_101' title='bbox 1479 984 1548 1026; x_wconf 85' lang='lat'>37.</span> 
     </span>
     <span class='ocr_line' id='line_1_13' title="bbox 97 1051 1550 1110; baseline -0.005 -12"><span class='ocrx_word' id='word_1_102' title='bbox 97 1056 168 1098; x_wconf 82' lang='grc'>40.</span> <span class='ocrx_word' id='word_1_103' title='bbox 203 1056 271 1097; x_wconf 87' lang='grc'>43.</span> <span class='ocrx_word' id='word_1_104' title='bbox 307 1056 360 1097; x_wconf 81' lang='lat'>50</span> <span class='ocrx_word' id='word_1_105' title='bbox 390 1062 501 1104; x_wconf 90' lang='lat' dir='ltr'>etc.,</span> <span class='ocrx_word' id='word_1_106' title='bbox 551 1055 675 1110; x_wconf 90' lang='lat' dir='ltr'>cujus</span> <span class='ocrx_word' id='word_1_107' title='bbox 718 1053 1010 1095; x_wconf 80' lang='lat' dir='ltr'>nominativus</span> <span class='ocrx_word' id='word_1_108' title='bbox 1050 1052 1212 1100; x_wconf 74' lang='grc' dir='ltr'><em>Ψύλλας</em></span> <span class='ocrx_word' id='word_1_109' title='bbox 1256 1051 1415 1109; x_wconf 76' lang='lat' dir='ltr'>leg-itur</span> <span class='ocrx_word' id='word_1_110' title='bbox 1443 1051 1474 1093; x_wconf 93' lang='grc'>1.</span> <span class='ocrx_word' id='word_1_111' title='bbox 1509 1052 1550 1100; x_wconf 82' lang='lat'>5,</span> 
     </span>
     <span class='ocr_line' id='line_1_14' title="bbox 98 1119 1550 1178; baseline -0.003 -14"><span class='ocrx_word' id='word_1_112' title='bbox 98 1123 266 1164; x_wconf 82' lang='lat' dir='ltr'>dativus</span> <span class='ocrx_word' id='word_1_113' title='bbox 307 1123 445 1174; x_wconf 60' lang='grc' dir='ltr'>ῑΙΐύλλᾳ</span> <span class='ocrx_word' id='word_1_114' title='bbox 483 1123 513 1163; x_wconf 94' lang='grc'>1.</span> <span class='ocrx_word' id='word_1_115' title='bbox 551 1123 643 1163; x_wconf 90' lang='grc'>111.</span> <span class='ocrx_word' id='word_1_116' title='bbox 680 1122 774 1164; x_wconf 72' lang='grc'>123.</span> <span class='ocrx_word' id='word_1_117' title='bbox 845 1121 1094 1164; x_wconf 80' lang='lat' dir='ltr'>Boeckhius</span> <span class='ocrx_word' id='word_1_118' title='bbox 1127 1119 1340 1178; x_wconf 75' lang='lat' dir='ltr'>singulari</span> <span class='ocrx_word' id='word_1_119' title='bbox 1370 1119 1550 1176; x_wconf 85' lang='lat' dir='ltr'>quadam</span> 
     </span>
     <span class='ocr_line' id='line_1_15' title="bbox 100 1187 1551 1247; baseline -0.003 -15"><span class='ocrx_word' id='word_1_120' title='bbox 100 1190 365 1247; x_wconf 71' lang='lat' dir='ltr'>Coreyraeae</span> <span class='ocrx_word' id='word_1_121' title='bbox 412 1190 585 1232; x_wconf 84' lang='lat' dir='ltr'>dialecti</span> <span class='ocrx_word' id='word_1_122' title='bbox 633 1189 797 1231; x_wconf 85' lang='lat' dir='ltr'>ratione</span> <span class='ocrx_word' id='word_1_123' title='bbox 846 1189 1036 1236; x_wconf 72' lang='grc' dir='ltr'><em>Ψύλλαος</em></span> <span class='ocrx_word' id='word_1_124' title='bbox 1077 1205 1154 1246; x_wconf 90' lang='lat' dir='ltr'>pro</span> <span class='ocrx_word' id='word_1_125' title='bbox 1204 1187 1344 1229; x_wconf 75' lang='grc' dir='ltr'><em>Ψύλλα</em></span> <span class='ocrx_word' id='word_1_126' title='bbox 1392 1187 1551 1228; x_wconf 87' lang='lat' dir='ltr'>dictum</span> 
     </span>
     <span class='ocr_line' id='line_1_16' title="bbox 98 1255 1553 1315; baseline -0.003 -16"><span class='ocrx_word' id='word_1_127' title='bbox 98 1258 229 1315; x_wconf 87' lang='lat' dir='ltr'>idque</span> <span class='ocrx_word' id='word_1_128' title='bbox 270 1258 314 1298; x_wconf 90' lang='lat' dir='ltr'>in</span> <span class='ocrx_word' id='word_1_129' title='bbox 366 1258 528 1306; x_wconf 73' lang='grc' dir='ltr'><em>Ψύλλας</em></span> <span class='ocrx_word' id='word_1_130' title='bbox 570 1265 833 1300; x_wconf 86' lang='lat' dir='ltr'>contractum</span> <span class='ocrx_word' id='word_1_131' title='bbox 875 1257 1105 1299; x_wconf 78' lang='lat' dir='ltr'>existimat.</span> <span class='ocrx_word' id='word_1_132' title='bbox 1181 1256 1242 1297; x_wconf 88' lang='lat' dir='ltr'>At</span> <span class='ocrx_word' id='word_1_133' title='bbox 1281 1255 1424 1313; x_wconf 89' lang='lat' dir='ltr'>potius</span> <span class='ocrx_word' id='word_1_134' title='bbox 1463 1255 1494 1296; x_wconf 91' lang='lat' dir='ltr'>l.</span> <span class='ocrx_word' id='word_1_135' title='bbox 1529 1255 1553 1294; x_wconf 82' lang='lat'>5</span> 
     </span>
     <span class='ocr_line' id='line_1_17' title="bbox 98 1323 1553 1379; baseline -0.003 -12"><span class='ocrx_word' id='word_1_136' title='bbox 98 1326 408 1368; x_wconf 82' lang='lat' dir='ltr'>nominativum</span> <span class='ocrx_word' id='word_1_137' title='bbox 448 1326 586 1367; x_wconf 77' lang='grc' dir='ltr'><em>Ψύλλα</em></span> <span class='ocrx_word' id='word_1_138' title='bbox 627 1325 941 1368; x_wconf 87' lang='lat' dir='ltr'>restituendum</span> <span class='ocrx_word' id='word_1_139' title='bbox 981 1332 1023 1366; x_wconf 90' lang='lat' dir='ltr'>et</span> <span class='ocrx_word' id='word_1_140' title='bbox 1061 1324 1265 1366; x_wconf 81' lang='lat' dir='ltr'>feminam</span> <span class='ocrx_word' id='word_1_141' title='bbox 1306 1323 1553 1379; x_wconf 78' lang='lat' dir='ltr'>intelligen-</span> 
     </span>
     <span class='ocr_line' id='line_1_18' title="bbox 98 1390 1553 1451; baseline -0.004 -15"><span class='ocrx_word' id='word_1_142' title='bbox 98 1395 192 1436; x_wconf 77' lang='lat' dir='ltr'>dam</span> <span class='ocrx_word' id='word_1_143' title='bbox 215 1410 334 1448; x_wconf 84' lang='lat' dir='ltr'>esse,</span> <span class='ocrx_word' id='word_1_144' title='bbox 368 1394 609 1436; x_wconf 77' lang='lat' dir='ltr'>certissime</span> <span class='ocrx_word' id='word_1_145' title='bbox 640 1393 741 1436; x_wconf 91' lang='lat' dir='ltr'>inde</span> <span class='ocrx_word' id='word_1_146' title='bbox 773 1401 965 1451; x_wconf 84' lang='lat' dir='ltr'>apparet,</span> <span class='ocrx_word' id='word_1_147' title='bbox 999 1392 1115 1451; x_wconf 91' lang='lat' dir='ltr'>quod</span> <span class='ocrx_word' id='word_1_148' title='bbox 1147 1392 1306 1433; x_wconf 81' lang='lat' dir='ltr'>ibidem</span> <span class='ocrx_word' id='word_1_149' title='bbox 1328 1390 1465 1431; x_wconf 87' lang='lat' dir='ltr'>tribus</span> <span class='ocrx_word' id='word_1_150' title='bbox 1497 1390 1553 1430; x_wconf 87' lang='lat' dir='ltr'>si-</span> 
     </span>
     <span class='ocr_line' id='line_1_19' title="bbox 100 1458 1555 1519; baseline -0.003 -16"><span class='ocrx_word' id='word_1_151' title='bbox 100 1462 321 1519; x_wconf 79' lang='lat' dir='ltr'>gnificatio</span> <span class='ocrx_word' id='word_1_152' title='bbox 349 1463 485 1509; x_wconf 54' lang='lat' dir='ltr'>‘Tang</span> <span class='ocrx_word' id='word_1_153' title='bbox 515 1461 723 1503; x_wconf 80' lang='lat' dir='ltr'>feminino</span> <span class='ocrx_word' id='word_1_154' title='bbox 758 1477 914 1519; x_wconf 74' lang='lat' dir='ltr'>genere</span> <span class='ocrx_word' id='word_1_155' title='bbox 945 1461 1140 1514; x_wconf 78' lang='lat' dir='ltr'>additur,</span> <span class='ocrx_word' id='word_1_156' title='bbox 1182 1459 1309 1514; x_wconf 87' lang='lat' dir='ltr'>cujus</span> <span class='ocrx_word' id='word_1_157' title='bbox 1340 1458 1384 1499; x_wconf 88' lang='lat' dir='ltr'>in</span> <span class='ocrx_word' id='word_1_158' title='bbox 1412 1459 1555 1500; x_wconf 86' lang='lat' dir='ltr'>locum</span> 
     </span>
     <span class='ocr_line' id='line_1_20' title="bbox 98 1529 1123 1577; baseline -0.003 -5"><span class='ocrx_word' id='word_1_159' title='bbox 98 1530 346 1572; x_wconf 77' lang='lat' dir='ltr'>Boeckhius</span> <span class='ocrx_word' id='word_1_160' title='bbox 375 1529 542 1577; x_wconf 64' lang='grc' dir='ltr'>’Υλλεὺς</span> <span class='ocrx_word' id='word_1_161' title='bbox 572 1530 809 1571; x_wconf 85' lang='lat' dir='ltr'>rescribere</span> <span class='ocrx_word' id='word_1_162' title='bbox 840 1537 1013 1571; x_wconf 86' lang='lat' dir='ltr'>coaetus</span> <span class='ocrx_word' id='word_1_163' title='bbox 1045 1535 1123 1570; x_wconf 83' lang='lat' dir='ltr'>est.</span> 
     </span>
    </p>

    <p class='ocr_par' dir='ltr' id='par_1_3' title="bbox 100 1594 1556 1790">
     <span class='ocr_line' id='line_1_21' title="bbox 211 1594 1555 1654; baseline -0.004 -15"><span class='ocrx_word' id='word_1_164' title='bbox 211 1598 449 1640; x_wconf 84' lang='lat' dir='ltr'>Dativus</span> <span class='ocrx_word' id='word_1_165' title='bbox 481 1597 800 1654; x_wconf 71' lang='lat' dir='ltr'>singularis</span> <span class='ocrx_word' id='word_1_166' title='bbox 842 1613 1061 1654; x_wconf 89' lang='lat' dir='ltr'>nunquam</span> <span class='ocrx_word' id='word_1_167' title='bbox 1094 1596 1179 1637; x_wconf 86' lang='lat' dir='ltr'>iota</span> <span class='ocrx_word' id='word_1_168' title='bbox 1211 1594 1458 1651; x_wconf 84' lang='lat' dir='ltr'>subscripto</span> <span class='ocrx_word' id='word_1_169' title='bbox 1491 1609 1555 1634; x_wconf 84' lang='lat' dir='ltr'>ca-</span> 
     </span>
     <span class='ocr_line' id='line_1_22' title="bbox 100 1660 1556 1719; baseline -0.003 -13"><span class='ocrx_word' id='word_1_170' title='bbox 100 1672 192 1719; x_wconf 84' lang='lat' dir='ltr'>ret,</span> <span class='ocrx_word' id='word_1_171' title='bbox 242 1665 327 1706; x_wconf 88' lang='lat' dir='ltr'>nisi</span> <span class='ocrx_word' id='word_1_172' title='bbox 367 1665 412 1706; x_wconf 90' lang='lat' dir='ltr'>in</span> <span class='ocrx_word' id='word_1_173' title='bbox 451 1665 591 1706; x_wconf 86' lang='lat' dir='ltr'>titulis</span> <span class='ocrx_word' id='word_1_174' title='bbox 630 1666 699 1707; x_wconf 83' lang='lat' dir='ltr'>vel</span> <span class='ocrx_word' id='word_1_175' title='bbox 731 1664 1044 1706; x_wconf 85' lang='lat' dir='ltr'>recentissimis</span> <span class='ocrx_word' id='word_1_176' title='bbox 1075 1664 1144 1705; x_wconf 81' lang='lat' dir='ltr'>vel</span> <span class='ocrx_word' id='word_1_177' title='bbox 1174 1663 1340 1705; x_wconf 90' lang='lat' dir='ltr'>minore</span> <span class='ocrx_word' id='word_1_178' title='bbox 1370 1661 1454 1703; x_wconf 82' lang='lat' dir='ltr'>fide</span> <span class='ocrx_word' id='word_1_179' title='bbox 1485 1660 1556 1701; x_wconf 91' lang='lat' dir='ltr'>de-</span> 
     </span>
     <span class='ocr_line' id='line_1_23' title="bbox 102 1732 690 1790; baseline 0.002 -17"><span class='ocrx_word' id='word_1_180' title='bbox 102 1732 277 1790; x_wconf 87' lang='lat' dir='ltr'>scriptis</span> <span class='ocrx_word' id='word_1_181' title='bbox 298 1764 309 1785; x_wconf 87' lang='lat'>,</span> <span class='ocrx_word' id='word_1_182' title='bbox 342 1732 427 1774; x_wconf 89' lang='lat' dir='ltr'>vid.</span> <span class='ocrx_word' id='word_1_183' title='bbox 462 1732 503 1785; x_wconf 66' lang='grc' dir='ltr'>ξ</span> <span class='ocrx_word' id='word_1_184' title='bbox 536 1733 614 1781; x_wconf 75' lang='grc'>22,</span> <span class='ocrx_word' id='word_1_185' title='bbox 648 1733 690 1774; x_wconf 85' lang='grc'>8.</span> 
     </span>
    </p>

    <p class='ocr_par' dir='ltr' id='par_1_4' title="bbox 102 1797 1558 2264">
     <span class='ocr_line' id='line_1_24' title="bbox 213 1797 1555 1857; baseline -0.004 -15"><span class='ocrx_word' id='word_1_186' title='bbox 213 1798 257 1856; x_wconf 84' lang='grc'>3)</span> <span class='ocrx_word' id='word_1_187' title='bbox 320 1799 627 1841; x_wconf 89' lang='lat' dir='ltr'>Genitivus</span> <span class='ocrx_word' id='word_1_188' title='bbox 670 1799 917 1857; x_wconf 87' lang='lat' dir='ltr'>pluralis</span> <span class='ocrx_word' id='word_1_189' title='bbox 957 1807 1000 1841; x_wconf 86' lang='lat' dir='ltr'>et</span> <span class='ocrx_word' id='word_1_190' title='bbox 1031 1797 1319 1856; x_wconf 75' lang='lat' dir='ltr'>grammaticis</span> <span class='ocrx_word' id='word_1_191' title='bbox 1341 1798 1375 1849; x_wconf 71' lang='grc'>4)</span> <span class='ocrx_word' id='word_1_192' title='bbox 1417 1804 1458 1838; x_wconf 90' lang='lat' dir='ltr'>et</span> <span class='ocrx_word' id='word_1_193' title='bbox 1488 1797 1555 1837; x_wconf 94' lang='lat' dir='ltr'>in—</span> 
     </span>
     <span class='ocr_line' id='line_1_25' title="bbox 103 1864 1555 1924; baseline -0.003 -15"><span class='ocrx_word' id='word_1_194' title='bbox 103 1868 295 1909; x_wconf 86' lang='lat' dir='ltr'>numeris</span> <span class='ocrx_word' id='word_1_195' title='bbox 340 1867 549 1924; x_wconf 80' lang='lat' dir='ltr'>exemplis</span> <span class='ocrx_word' id='word_1_196' title='bbox 595 1867 847 1908; x_wconf 86' lang='lat' dir='ltr'>docentibus</span> <span class='ocrx_word' id='word_1_197' title='bbox 894 1868 939 1908; x_wconf 83' lang='lat' dir='ltr'>in</span> <span class='ocrx_word' id='word_1_198' title='bbox 986 1870 1033 1908; x_wconf 74' lang='grc' dir='ltr'>ἄν</span> <span class='ocrx_word' id='word_1_199' title='bbox 1082 1867 1402 1908; x_wconf 78' lang='lat' dir='ltr'>circumflexum</span> <span class='ocrx_word' id='word_1_200' title='bbox 1450 1864 1555 1916; x_wconf 74' lang='lat' dir='ltr'>exit,</span> 
     </span>
     <span class='ocr_line' id='line_1_26' title="bbox 102 1935 1557 1994; baseline -0.004 -17"><span class='ocrx_word' id='word_1_201' title='bbox 102 1936 218 1994; x_wconf 89' lang='lat' dir='ltr'>quod</span> <span class='ocrx_word' id='word_1_202' title='bbox 247 1943 312 1977; x_wconf 85' lang='lat' dir='ltr'>est</span> <span class='ocrx_word' id='word_1_203' title='bbox 341 1951 393 1976; x_wconf 78' lang='lat' dir='ltr'>ex</span> <span class='ocrx_word' id='word_1_204' title='bbox 422 1936 598 1992; x_wconf 83' lang='lat' dir='ltr'>antiqua</span> <span class='ocrx_word' id='word_1_205' title='bbox 628 1935 927 1976; x_wconf 84' lang='lat' dir='ltr'>terminatione</span> <span class='ocrx_word' id='word_1_206' title='bbox 968 1952 1051 1975; x_wconf 78' lang='grc' dir='ltr'>αων</span> <span class='ocrx_word' id='word_1_207' title='bbox 1082 1941 1374 1982; x_wconf 88' lang='lat' dir='ltr'>contractum,</span> <span class='ocrx_word' id='word_1_208' title='bbox 1424 1939 1468 1972; x_wconf 89' lang='lat' dir='ltr'>ut</span> <span class='ocrx_word' id='word_1_209' title='bbox 1497 1949 1557 1971; x_wconf 78' lang='grc' dir='ltr'>τι-</span> 
     </span>
     <span class='ocr_line' id='line_1_27' title="bbox 102 1999 1555 2058; baseline -0.004 -14"><span class='ocrx_word' id='word_1_210' title='bbox 102 2006 205 2057; x_wconf 78' lang='grc' dir='ltr'>μᾶν,</span> <span class='ocrx_word' id='word_1_211' title='bbox 252 2005 447 2058; x_wconf 77' lang='grc' dir='ltr'>τεχνιτᾶν.</span> <span class='ocrx_word' id='word_1_212' title='bbox 525 2002 617 2044; x_wconf 89' lang='lat' dir='ltr'>Nec</span> <span class='ocrx_word' id='word_1_213' title='bbox 660 2002 970 2058; x_wconf 88' lang='lat' dir='ltr'>adjectivorum</span> <span class='ocrx_word' id='word_1_214' title='bbox 1012 2002 1219 2043; x_wconf 85' lang='lat' dir='ltr'>feminina</span> <span class='ocrx_word' id='word_1_215' title='bbox 1264 1999 1555 2057; x_wconf 83' lang='lat' dir='ltr'>excipiuntur,</span> 
     </span>
     <span class='ocr_line' id='line_1_28' title="bbox 104 2066 1557 2128; baseline -0.004 -16"><span class='ocrx_word' id='word_1_216' title='bbox 104 2087 213 2128; x_wconf 86' lang='lat' dir='ltr'>quae</span> <span class='ocrx_word' id='word_1_217' title='bbox 252 2071 296 2112; x_wconf 88' lang='lat' dir='ltr'>in</span> <span class='ocrx_word' id='word_1_218' title='bbox 337 2070 506 2126; x_wconf 74' lang='lat' dir='ltr'>vulgari</span> <span class='ocrx_word' id='word_1_219' title='bbox 548 2070 700 2128; x_wconf 73' lang='lat' dir='ltr'>lingua</span> <span class='ocrx_word' id='word_1_220' title='bbox 740 2078 918 2111; x_wconf 84' lang='lat' dir='ltr'>accentu</span> <span class='ocrx_word' id='word_1_221' title='bbox 962 2070 1144 2111; x_wconf 89' lang='lat' dir='ltr'>eundem</span> <span class='ocrx_word' id='word_1_222' title='bbox 1176 2085 1271 2110; x_wconf 89' lang='lat' dir='ltr'>cum</span> <span class='ocrx_word' id='word_1_223' title='bbox 1306 2066 1557 2109; x_wconf 83' lang='lat' dir='ltr'>masculinis</span> 
     </span>
     <span class='ocr_line' id='line_1_29' title="bbox 107 2134 1558 2195; baseline -0.004 -16"><span class='ocrx_word' id='word_1_224' title='bbox 107 2154 260 2180; x_wconf 90' lang='lat' dir='ltr'>sonum</span> <span class='ocrx_word' id='word_1_225' title='bbox 292 2139 512 2191; x_wconf 78' lang='lat' dir='ltr'>affectant,</span> <span class='ocrx_word' id='word_1_226' title='bbox 547 2146 592 2179; x_wconf 90' lang='lat' dir='ltr'>ut</span> <span class='ocrx_word' id='word_1_227' title='bbox 625 2138 783 2191; x_wconf 77' lang='grc' dir='ltr'>ἀκρᾶν,</span> <span class='ocrx_word' id='word_1_228' title='bbox 817 2137 1054 2192; x_wconf 70' lang='grc' dir='ltr'><em>ἀμφοτερᾶν</em></span> <span class='ocrx_word' id='word_1_229' title='bbox 1074 2153 1152 2195; x_wconf 88' lang='lat' dir='ltr'>pro</span> <span class='ocrx_word' id='word_1_230' title='bbox 1176 2135 1396 2177; x_wconf 82' lang='lat' dir='ltr'>femininis</span> <span class='ocrx_word' id='word_1_231' title='bbox 1420 2134 1558 2187; x_wconf 81' lang='grc' dir='ltr'><em>ἄκρων</em></span> 
     </span>
     <span class='ocr_line' id='line_1_30' title="bbox 108 2204 1558 2264; baseline -0.005 -16"><span class='ocrx_word' id='word_1_232' title='bbox 108 2215 150 2249; x_wconf 90' lang='lat' dir='ltr'>et</span> <span class='ocrx_word' id='word_1_233' title='bbox 181 2204 444 2260; x_wconf 68' lang='grc' dir='ltr'>ἀμφοτέρων,</span> <span class='ocrx_word' id='word_1_234' title='bbox 488 2206 574 2247; x_wconf 88' lang='lat' dir='ltr'>vid.</span> <span class='ocrx_word' id='word_1_235' title='bbox 610 2208 650 2260; x_wconf 65' lang='grc' dir='ltr'>ξ.</span> <span class='ocrx_word' id='word_1_236' title='bbox 686 2207 734 2256; x_wconf 83' lang='grc'>3,</span> <span class='ocrx_word' id='word_1_237' title='bbox 768 2206 808 2248; x_wconf 89' lang='grc'>6.</span> <span class='ocrx_word' id='word_1_238' title='bbox 887 2206 986 2264; x_wconf 87' lang='lat' dir='ltr'>Ipsa</span> <span class='ocrx_word' id='word_1_239' title='bbox 1015 2204 1261 2247; x_wconf 87' lang='lat' dir='ltr'>terminatio</span> <span class='ocrx_word' id='word_1_240' title='bbox 1302 2221 1384 2244; x_wconf 84' lang='grc' dir='ltr'>αων</span> <span class='ocrx_word' id='word_1_241' title='bbox 1415 2217 1558 2244; x_wconf 88' lang='lat' dir='ltr'>errore</span> 
     </span>
    </p>
   </div>
   <div class='ocr_carea' id='block_1_3' title="bbox 103 2336 376 2341">
    <p class='ocr_par' dir='ltr' id='par_1_5' title="bbox 103 2336 376 2341">
     <span class='ocr_line' id='line_1_31' title="bbox 103 2336 376 2341; baseline 0 0"><span class='ocrx_word' id='word_1_242' title='bbox 103 2336 376 2341; x_wconf 95' lang='lat' dir='ltr'> </span> 
     </span>
    </p>
   </div>
   <div class='ocr_carea' id='block_1_4' title="bbox 107 2408 1558 2802">
    <p class='ocr_par' dir='ltr' id='par_1_6' title="bbox 107 2408 1558 2569">
     <span class='ocr_line' id='line_1_32' title="bbox 107 2408 1558 2455; baseline -0.005 -6"><span class='ocrx_word' id='word_1_243' title='bbox 107 2417 173 2455; x_wconf 87' lang='lat'>31,</span> <span class='ocrx_word' id='word_1_244' title='bbox 211 2413 396 2448; x_wconf 83' lang='lat' dir='ltr'>Choerob.</span> <span class='ocrx_word' id='word_1_245' title='bbox 426 2412 543 2446; x_wconf 82' lang='lat' dir='ltr'>Gaisf.</span> <span class='ocrx_word' id='word_1_246' title='bbox 571 2412 601 2447; x_wconf 92' lang='grc' dir='ltr'>Ι.</span> <span class='ocrx_word' id='word_1_247' title='bbox 628 2415 693 2454; x_wconf 88' lang='grc'>30,</span> <span class='ocrx_word' id='word_1_248' title='bbox 720 2414 776 2447; x_wconf 84' lang='lat'>25.</span> <span class='ocrx_word' id='word_1_249' title='bbox 827 2413 920 2446; x_wconf 84' lang='lat' dir='ltr'>Anu.</span> <span class='ocrx_word' id='word_1_250' title='bbox 947 2412 1046 2446; x_wconf 84' lang='lat' dir='ltr'>Oxx.</span> <span class='ocrx_word' id='word_1_251' title='bbox 1076 2412 1117 2453; x_wconf 86' lang='lat'>1,</span> <span class='ocrx_word' id='word_1_252' title='bbox 1143 2412 1231 2451; x_wconf 75' lang='lat'>258,</span> <span class='ocrx_word' id='word_1_253' title='bbox 1261 2411 1322 2452; x_wconf 88' lang='lat'>21,</span> <span class='ocrx_word' id='word_1_254' title='bbox 1370 2408 1450 2450; x_wconf 95' lang='grc' dir='ltr'>ΙΙΙ,</span> <span class='ocrx_word' id='word_1_255' title='bbox 1477 2409 1558 2452; x_wconf 88' lang='grc'>229,</span> 
     </span>
     <span class='ocr_line' id='line_1_33' title="bbox 107 2467 1557 2513; baseline -0.005 -7"><span class='ocrx_word' id='word_1_256' title='bbox 107 2473 151 2506; x_wconf 90' lang='grc'>27</span> <span class='ocrx_word' id='word_1_257' title='bbox 177 2482 225 2504; x_wconf 83' lang='lat' dir='ltr'>ex</span> <span class='ocrx_word' id='word_1_258' title='bbox 250 2470 484 2513; x_wconf 81' lang='lat' dir='ltr'>Herodiano,</span> <span class='ocrx_word' id='word_1_259' title='bbox 524 2470 595 2510; x_wconf 88' lang='lat' dir='ltr'>lv,</span> <span class='ocrx_word' id='word_1_260' title='bbox 622 2472 709 2512; x_wconf 88' lang='grc'>201,</span> <span class='ocrx_word' id='word_1_261' title='bbox 735 2473 799 2512; x_wconf 84' lang='grc'>30,</span> <span class='ocrx_word' id='word_1_262' title='bbox 840 2470 1007 2504; x_wconf 74' lang='lat' dir='ltr'>Eustath.</span> <span class='ocrx_word' id='word_1_263' title='bbox 1037 2481 1070 2513; x_wconf 87' lang='lat' dir='ltr'>p.</span> <span class='ocrx_word' id='word_1_264' title='bbox 1100 2470 1140 2502; x_wconf 90' lang='lat'>12</span> <span class='ocrx_word' id='word_1_265' title='bbox 1166 2476 1260 2502; x_wconf 77' lang='lat' dir='ltr'>extr.</span> <span class='ocrx_word' id='word_1_266' title='bbox 1290 2487 1330 2492; x_wconf 94' lang='lat'>-</span> <span class='ocrx_word' id='word_1_267' title='bbox 1368 2468 1474 2509; x_wconf 85' lang='lat'>1396,</span> <span class='ocrx_word' id='word_1_268' title='bbox 1500 2467 1557 2508; x_wconf 86' lang='lat'>25,</span> 
     </span>
     <span class='ocr_line' id='line_1_34' title="bbox 108 2527 660 2569; baseline -0.009 -5"><span class='ocrx_word' id='word_1_269' title='bbox 108 2529 248 2565; x_wconf 82' lang='lat' dir='ltr'>Seholl.</span> <span class='ocrx_word' id='word_1_270' title='bbox 277 2528 384 2561; x_wconf 87' lang='lat' dir='ltr'>Pind.</span> <span class='ocrx_word' id='word_1_271' title='bbox 413 2528 472 2561; x_wconf 89' lang='lat' dir='ltr'>Ol.</span> <span class='ocrx_word' id='word_1_272' title='bbox 499 2527 580 2569; x_wconf 84' lang='lat'>111,</span> <span class='ocrx_word' id='word_1_273' title='bbox 606 2529 660 2561; x_wconf 80' lang='lat'>56.</span> 
     </span>
    </p>

    <p class='ocr_par' dir='ltr' id='par_1_7' title="bbox 109 2579 1557 2802">
     <span class='ocr_line' id='line_1_35' title="bbox 154 2579 1557 2629; baseline -0.006 -9"><span class='ocrx_word' id='word_1_274' title='bbox 154 2589 190 2629; x_wconf 73' lang='lat'>4)</span> <span class='ocrx_word' id='word_1_275' title='bbox 240 2587 425 2620; x_wconf 83' lang='lat' dir='ltr'>Choerob.</span> <span class='ocrx_word' id='word_1_276' title='bbox 452 2585 576 2619; x_wconf 79' lang='lat' dir='ltr'>Bekk.</span> <span class='ocrx_word' id='word_1_277' title='bbox 608 2586 713 2627; x_wconf 70' lang='lat'>1184,</span> <span class='ocrx_word' id='word_1_278' title='bbox 739 2585 773 2618; x_wconf 78' lang='lat' dir='ltr'>J.</span> <span class='ocrx_word' id='word_1_279' title='bbox 799 2584 865 2618; x_wconf 89' lang='lat' dir='ltr'>Gr.</span> <span class='ocrx_word' id='word_1_280' title='bbox 893 2585 972 2625; x_wconf 71' lang='lat'>242,</span> <span class='ocrx_word' id='word_1_281' title='bbox 992 2584 1032 2624; x_wconf 90' lang='lat' dir='ltr'>b,</span> <span class='ocrx_word' id='word_1_282' title='bbox 1061 2583 1125 2616; x_wconf 87' lang='lat' dir='ltr'>Gr.</span> <span class='ocrx_word' id='word_1_283' title='bbox 1153 2583 1181 2616; x_wconf 88' lang='lat' dir='ltr'>C</span> <span class='ocrx_word' id='word_1_284' title='bbox 1220 2583 1312 2622; x_wconf 88' lang='lat'>226,</span> <span class='ocrx_word' id='word_1_285' title='bbox 1342 2579 1448 2613; x_wconf 83' lang='lat' dir='ltr'>Leid.</span> <span class='ocrx_word' id='word_1_286' title='bbox 1477 2582 1557 2621; x_wconf 82' lang='grc'>636,</span> 
     </span>
     <span class='ocr_line' id='line_1_36' title="bbox 109 2638 1556 2685; baseline -0.005 -8"><span class='ocrx_word' id='word_1_287' title='bbox 109 2644 262 2677; x_wconf 83' lang='lat' dir='ltr'>Meerm.</span> <span class='ocrx_word' id='word_1_288' title='bbox 291 2646 381 2685; x_wconf 81' lang='lat'>656,</span> <span class='ocrx_word' id='word_1_289' title='bbox 409 2642 528 2677; x_wconf 82' lang='lat' dir='ltr'>Vatic.</span> <span class='ocrx_word' id='word_1_290' title='bbox 556 2644 642 2683; x_wconf 84' lang='grc'>692,</span> <span class='ocrx_word' id='word_1_291' title='bbox 669 2642 794 2675; x_wconf 86' lang='lat' dir='ltr'>Procl.</span> <span class='ocrx_word' id='word_1_292' title='bbox 823 2642 867 2675; x_wconf 85' lang='lat' dir='ltr'>ad</span> <span class='ocrx_word' id='word_1_293' title='bbox 897 2640 1049 2674; x_wconf 83' lang='lat' dir='ltr'>Hesiod.</span> <span class='ocrx_word' id='word_1_294' title='bbox 1078 2651 1114 2684; x_wconf 90' lang='lat' dir='ltr'>p.</span> <span class='ocrx_word' id='word_1_295' title='bbox 1142 2641 1197 2680; x_wconf 75' lang='lat'>45,</span> <span class='ocrx_word' id='word_1_296' title='bbox 1215 2639 1258 2677; x_wconf 89' lang='lat' dir='ltr'>b,</span> <span class='ocrx_word' id='word_1_297' title='bbox 1286 2638 1398 2671; x_wconf 81' lang='lat' dir='ltr'>Drac.</span> <span class='ocrx_word' id='word_1_298' title='bbox 1425 2649 1457 2682; x_wconf 51' lang='grc' dir='ltr'>Ρ.</span> <span class='ocrx_word' id='word_1_299' title='bbox 1482 2640 1556 2671; x_wconf 87' lang='grc'>110.</span> 
     </span>
     <span class='ocr_line' id='line_1_37' title="bbox 114 2695 1557 2743; baseline -0.006 -8"><span class='ocrx_word' id='word_1_300' title='bbox 114 2704 176 2743; x_wconf 87' lang='lat'>10,</span> <span class='ocrx_word' id='word_1_301' title='bbox 218 2703 312 2735; x_wconf 71' lang='lat' dir='ltr'>Ann-</span> <span class='ocrx_word' id='word_1_302' title='bbox 340 2702 439 2735; x_wconf 79' lang='lat' dir='ltr'>Oxx.</span> <span class='ocrx_word' id='word_1_303' title='bbox 474 2701 554 2741; x_wconf 83' lang='grc' dir='ltr'>ΙΙΙ,</span> <span class='ocrx_word' id='word_1_304' title='bbox 580 2701 666 2740; x_wconf 75' lang='grc'>241,</span> <span class='ocrx_word' id='word_1_305' title='bbox 695 2702 731 2733; x_wconf 81' lang='lat'>11</span> <span class='ocrx_word' id='word_1_306' title='bbox 767 2698 879 2743; x_wconf 71' lang='grc' dir='ltr'><strong><em>ἄκραν</em></strong></span> <span class='ocrx_word' id='word_1_307' title='bbox 913 2700 1000 2741; x_wconf 78' lang='lat' dir='ltr'>(leg.</span> <span class='ocrx_word' id='word_1_308' title='bbox 1028 2697 1154 2743; x_wconf 74' lang='grc' dir='ltr'>ἀκρῶν)</span> <span class='ocrx_word' id='word_1_309' title='bbox 1188 2708 1255 2741; x_wconf 85' lang='lat' dir='ltr'>pro</span> <span class='ocrx_word' id='word_1_310' title='bbox 1289 2695 1421 2741; x_wconf 69' lang='grc' dir='ltr'>ἄκρων,</span> <span class='ocrx_word' id='word_1_311' title='bbox 1464 2697 1557 2728; x_wconf 81' lang='lat' dir='ltr'>Ann.</span> 
     </span>
     <span class='ocr_line' id='line_1_38' title="bbox 113 2753 1555 2802; baseline -0.004 -11"><span class='ocrx_word' id='word_1_312' title='bbox 113 2759 210 2791; x_wconf 84' lang='lat' dir='ltr'>Oxx.</span> <span class='ocrx_word' id='word_1_313' title='bbox 237 2760 266 2802; x_wconf 94' lang='grc' dir='ltr'>Ι,</span> <span class='ocrx_word' id='word_1_314' title='bbox 282 2761 361 2801; x_wconf 67' lang='grc'>278,</span> <span class='ocrx_word' id='word_1_315' title='bbox 384 2761 425 2793; x_wconf 85' lang='grc'>19</span> <span class='ocrx_word' id='word_1_316' title='bbox 445 2756 598 2802; x_wconf 58' lang='grc' dir='ltr'>εΡηγινὺν</span> <span class='ocrx_word' id='word_1_317' title='bbox 623 2759 743 2797; x_wconf 80' lang='grc' dir='ltr'>μοισοῖν</span> <span class='ocrx_word' id='word_1_318' title='bbox 767 2757 857 2800; x_wconf 81' lang='lat' dir='ltr'>(leg.</span> <span class='ocrx_word' id='word_1_319' title='bbox 880 2755 1031 2802; x_wconf 69' lang='grc' dir='ltr'>Ἀργεῖον</span> <span class='ocrx_word' id='word_1_320' title='bbox 1057 2756 1198 2797; x_wconf 76' lang='grc' dir='ltr'>μοι’σᾶν)</span> <span class='ocrx_word' id='word_1_321' title='bbox 1226 2753 1299 2789; x_wconf 80' lang='lat' dir='ltr'>vid.</span> <span class='ocrx_word' id='word_1_322' title='bbox 1319 2755 1346 2797; x_wconf 85' lang='lat'>§.</span> <span class='ocrx_word' id='word_1_323' title='bbox 1366 2755 1420 2795; x_wconf 77' lang='lat'>14,</span> <span class='ocrx_word' id='word_1_324' title='bbox 1436 2755 1468 2796; x_wconf 85' lang='lat'>3,</span> <span class='ocrx_word' id='word_1_325' title='bbox 1488 2761 1555 2787; x_wconf 82' lang='lat' dir='ltr'>etc.</span> 
     </span>
    </p>
   </div>
   <div class='ocr_carea' id='block_1_5' title="bbox 165 2829 1296 2874">
    <p class='ocr_par' dir='ltr' id='par_1_8' title="bbox 165 2829 1296 2874">
     <span class='ocr_line' id='line_1_39' title="bbox 165 2829 1296 2874; baseline -0.004 0"><span class='ocrx_word' id='word_1_326' title='bbox 165 2834 223 2874; x_wconf 88' lang='grc' dir='ltr'>ΙΙ.</span> <span class='ocrx_word' id='word_1_327' title='bbox 1244 2829 1296 2871; x_wconf 88' lang='lat'>15</span> 
     </span>
    </p>
   </div>
  </div>
 </body>
</html>
