1779 3079
208 166 268 215 18
662 162 701 220 ᾗ.
739 164 786 210 2.
858 164 931 210 De
968 161 1194 210 fontibus.

320 303 390 350 12)
447 299 652 348 Titulus,
685 298 760 356 qui
789 297 943 356 incipit
980 303 1026 338 Τ.
1061 295 1283 345 mabam.

320 370 392 421 13>
449 366 625 410 Titulus
644 367 794 421 lacer,
826 365 901 423 qui
931 364 1084 423 incipit
1111 367 1170 405 τῶ
1188 365 1441 418 ”Λμμωνος,
1475 378 1562 404 nou
1591 378 1664 404 an-

208 438 369 497 tiquior
397 435 693 494 Vespasiano,
725 442 772 476 ut
802 434 964 476 indicat
993 432 1130 475 Flavii
1160 448 1333 474 nomen.

322 505 550 547 Praeterea
587 503 830 545 brevissimi
870 502 1043 560 quidam
1084 500 1200 542 tituli
1239 507 1281 541 et
1323 498 1588 558 antiquiores
1625 507 1668 540 et

209 573 470 616 recentiores
500 572 709 614 nonnulla
736 571 857 612 utilia
889 570 1230 628 suppeditarunt.

323 642 391 691 12)
454 640 710 697 Quanquam
742 646 932 691 constat,
994 638 1092 679 inde
1133 654 1156 677 a
1196 635 1310 677 tertii
1350 635 1511 678 sacculi
1541 634 1666 676 initio

208 709 334 767 plura
370 709 415 750 in
455 707 546 750 dies
587 707 780 764 vulgaria
818 706 862 746 in
905 705 1110 746 Doricam
1153 704 1380 745 dialectum
1422 703 1668 761 irrepsisse,

210 777 443 820 cavendum
474 783 614 817 tamen
657 782 748 827 est,
794 789 849 814 ne
891 774 952 825 (id
984 773 1100 830 quod
1131 772 1216 830 ipsi
1246 772 1466 813 Boechbio
1497 770 1670 822 accidit)

211 844 392 887 dialecto
422 851 645 900 corruptae
676 859 724 883 ea
763 841 1027 891 tribuamus,
1077 856 1185 897 quae
1217 856 1239 881 a
1268 839 1466 896 lapicidis
1497 845 1671 896 peccata

211 920 326 955 sunt.
388 911 498 953 Nam
529 911 565 951 si
596 910 766 966 quando
797 907 958 949 Dorica
990 907 1160 948 decreta
1189 906 1234 947 in
1265 907 1370 948 urhe
1400 923 1486 948 non
1510 906 1672 948 Dorica

212 980 422 1039 lapicidae
452 978 631 1020 Doridis
664 976 803 1034 ignari
835 991 965 1033 opera
996 982 1164 1016 exarata
1194 982 1321 1028 sunt,
1371 975 1575 1016 facillime
1606 990 1673 1016 ac·

214 1050 355 1091 cidere
386 1054 578 1104 poterat,
630 1054 677 1086 ut
720 1046 878 1086 formas
909 1050 1136 1085 consuetas
1166 1042 1212 1083 in
1243 1042 1502 1084 Doricarum
1531 1041 1674 1083 locum

213 1116 518 1167 substitueret,
581 1121 629 1154 ut
656 1113 999 1170 Lampsacenum
1039 1110 1268 1168 lapicidam
1313 1110 1358 1151 in
1388 1109 1572 1151 Aeolico
1603 1109 1674 1150 de-

212 1191 328 1226 creto
358 1182 566 1223 nonnulla
609 1181 854 1238 corrupisse
894 1179 1100 1236 suspicati
1144 1195 1291 1220 sumus
1323 1178 1374 1220 L.
1411 1178 1427 1218 l
1469 1178 1510 1231 ξ.
1541 1178 1599 1231 2,
1628 1178 1671 1219 2.

212 1252 308 1295 Jam
347 1266 448 1292 vero
477 1249 739 1291 Doricorum
784 1248 1006 1289 titulorum
1047 1247 1161 1287 haud
1198 1246 1323 1304 pauci
1364 1246 1504 1287 simile
1540 1246 1673 1286 fatum

213 1319 330 1379 passi
372 1325 488 1360 sunt.
576 1317 772 1358 Primum
810 1315 1179 1373 Amphictyonum
1225 1314 1443 1356 decretum
1485 1311 1672 1354 Athenis

212 1387 400 1446 positum
431 1385 481 1426 C.
515 1385 551 1426 I.
594 1401 660 1425 nr.
696 1384 803 1426 1088
843 1392 1045 1441 quantam
1087 1382 1186 1423 inde
1226 1381 1398 1423 dialecti
1428 1382 1675 1423 inconstan-

212 1455 313 1497 tiam
344 1453 547 1506 traxerit,
579 1451 818 1493 accuratius
849 1451 892 1492 in
925 1450 1182 1507 Appendicc
1214 1449 1482 1504 videbimus3
1527 1448 1572 1490 in
1604 1448 1675 1490 de-

210 1531 326 1565 creto
355 1521 556 1564 Aetolico
589 1520 667 1562 Cei
707 1520 849 1578 posito
880 1536 947 1560 nr.
976 1519 1088 1561 ,2350
1126 1518 1336 1575 lapicidae
1367 1517 1561 1558 Atticum
1591 1516 1676 1558 θά-

212 1597 357 1632 λατταν
395 1589 693 1643 vindicamus3
754 1588 797 1628 in
829 1586 1085 1628 Aetolorum
1127 1586 1297 1627 decreto
1340 1585 1391 1626 ad
1429 1584 1565 1640 Tejos
1603 1601 1670 1626 nr.

212 1658 322 1702 3046
351 1660 434 1699 huc
466 1657 692 1699 referimus
721 1655 827 1708 πρός
864 1655 893 1695 l.
930 1656 980 1697 13
1022 1671 1101 1712 pro
1132 1656 1226 1695 nori
1270 1661 1311 1694 ct
1348 1653 1378 1694 l.
1415 1652 1465 1695 16
1496 1655 1551 1701 εἰς
1581 1652 1676 1702 τοὺς

211 1728 361 1779 νόμους
391 1742 468 1783 pro
502 1725 702 1767 Aetolico
735 1726 775 1764 ἐν
805 1722 900 1771 ῑοῦς
932 1722 1109 1775 νόμους,
1142 1721 1258 1779 quod
1289 1722 1317 1762 l.
1356 1721 1406 1763 18
1435 1720 1674 1762 rectissime

211 1795 256 1836 in
289 1794 480 1835 Hessclii
519 1793 768 1851 apographo
809 1791 1003 1832 traditur.
1082 1790 1131 1830 In
1161 1789 1470 1846 Byzantiorum
1502 1789 1673 1830 decreto

213 1863 366 1903 Olbiae
408 1861 541 1918 lapidi
580 1860 719 1902 inciso
761 1876 827 1900 nr.
861 1858 972 1901 ’2060
1015 1873 1117 1898 num
1158 1873 1240 1913 qua
1281 1857 1374 1910 ejus
1405 1855 1578 1912 generis
1609 1856 1673 1896 in-

212 1930 324 1981 sint,
385 1925 601 1969 difficilius
636 1928 884 1983 judicatur,
947 1925 1045 1981 quia
1088 1940 1238 1964 recens
1278 1926 1371 1978 ejus
1413 1923 1526 1964 tituli
1559 1931 1673 1966 actas

211 1997 414 2051 majorem
445 1996 615 2037 dialecti
647 1994 967 2051 corruptionem
999 1999 1182 2032 statuere
1213 1991 1451 2049 permittit:
1498 1991 1567 2033 vel
1609 1991 1672 2033 sic

210 2072 348 2106 tamen
381 2080 467 2104 non
499 2063 752 2104 crediderim
786 2062 903 2119 ipsos
937 2059 1169 2117 Byzantios
1213 2059 1392 2112 ἡγήσαιο
1437 2059 1465 2100 l.
1499 2060 1553 2101 22
1591 2075 1672 2117 pro

213 2132 395 2185 α’)’ήσατο
428 2131 670 2188 scripsisse.
748 2129 797 2170 In
832 2128 1154 2186 (Jalymniorum
1187 2126 1358 2167 decreto
1390 2126 1441 2167 ad
1474 2127 1670 2169 Iasenscs

210 2217 276 2241 nr.
310 2200 418 2242 2071
458 2198 746 2256 pulcherrime
786 2198 945 2253 scripto
986 2195 1166 2253 lapicida
1209 2195 1319 2236 nihil
1368 2210 1570 2252 peccasse
1610 2195 1671 2238 vi·

210 2269 361 2314 dcturz.
392 2283 486 2308 nam
518 2266 835 2312 excusationem
868 2264 993 2305 habet
1015 2265 1299 2315 „Iyuzonldov
1328 2262 1373 2303 in
1405 2262 1578 2304 nominc
1611 2262 1670 2304 lc-

212 2337 297 2393 gati
329 2335 516 2377 lasensis
547 2342 589 2375 et
618 2336 845 2387 Διίασῑὶ..·ἰης,
893 2347 978 2389 quo
1010 2330 1317 2371 Macedonicus
1348 2346 1423 2371 rex
1453 2331 1670 2387 significa-

210 2412 293 2445 tur.
355 2404 405 2445 In
446 2403 610 2444 Dorico
651 2403 822 2442 decreto
863 2401 912 2441 ad
958 2399 1228 2456 Bargylictas
1268 2414 1333 2438 nr.
1365 2397 1476 2440 2670
1519 2407 1668 2440 contra

207 2472 316 2513 male
348 2479 514 2513 exarata
545 2471 743 2511 videntur
777 2472 1066 2522 simpl-'ritrcoiu
1115 2470 1378 2524 (quanquam
1420 2466 1499 2507 hoc
1538 2482 1668 2508 excu-

207 2540 290 2581 sari
322 2547 480 2597 potest}
523 2555 600 2596 pro
635 2541 916 2593 Regna-infida]
948 2544 989 2577 et
1024 2536 1307 2590 ιῖρχιθκίυροιι,
1354 2549 1485 2590 quum
1517 2542 1664 2591 postca

206 2608 480 2662 θεαρυδόκων
520 2606 725 2663 scriptum
769 2605 838 2646 sit.
919 2605 967 2645 ln
1009 2604 1219 2644 sententia
1245 2601 1443 2657 judicum
1475 2601 1663 2643 Rhodio-

204 2692 295 2715 rum
339 2676 389 2716 de
431 2675 589 2716 linibus
622 2673 921 2714 l'rienensium
968 2689 1030 2712 nr.
1066 2674 1176 2714 '2905
1227 2671 1486 2720 ‹in-‹Azlgssagm
1525 2676 1566 2710 ct
1606 2669 1662 2709 si—

203 2742 318 2783 milia
348 2759 425 2800 pro
461 2743 747 2794 ἀπεδείξαμιες,
780 2745 921 2795 ἱῳίως
953 2749 993 2781 et
1023 2741 1227 2793 stamt'ng
1257 2739 1440 2780 dialecto
1473 2736 1660 2778 Rhodio-
