1779 3079
444 165 484 224 §.
518 165 597 215 48.
668 166 742 212 De
777 164 973 213 mitiore
1009 165 1204 214 Doride.
1454 168 1552 218 403

90 299 184 357 jam
214 305 338 342 antea
367 299 412 340 in
442 299 579 349 ἴκατι,
626 300 821 348 Γείκατι,
855 301 982 340 εἴκατι
1012 299 1202 354 abierat,
1242 300 1547 355 τεσσαράκοντα

82 383 171 425 ,pro
214 366 494 422 τετρώκοντα,
543 367 821 420 ἑβδομήκοντα
860 383 938 424 pro
988 367 1292 419 ἑβὸεμήκοντα,
1340 368 1548 411 διακόσιοι

94 451 172 493 pro
205 434 436 482 ὃιακάτιοι,
480 434 741 489 τετρακόσιοι
778 435 847 477 vel
885 434 1211 487 τεσσαρακόσιοι
1242 452 1320 492 pro
1354 437 1542 490 τέτρακα--

91 519 174 544 τιοι
204 503 438 560 etreliqua
471 502 567 558 ejus
598 501 784 559 generis.
830 529 885 535 -—
943 502 995 543 ln
1037 502 1345 560 conjugatione
1385 505 1547 561 primae

94 585 302 628 personae
332 570 512 628 pluralis
542 569 788 611 terminatio
817 586 888 622 μες
919 586 1015 611 raro
1045 577 1208 612 servata
1230 578 1310 611 est.
1370 571 1545 615 Tertiae

92 637 273 695 pluralis
303 637 651 694 imperativorum
685 637 1011 696 antiquissimae
1042 637 1367 679 terminationes
1400 657 1473 679 υτω
1506 650 1548 683 ct

96 711 188 746 σθω
213 705 305 760 jam
335 712 458 746 autea
491 704 534 746 in
567 705 792 747 nonnullis
823 705 1060 761 generibus
1090 723 1110 746 ν
1131 705 1260 747 finale
1281 705 1544 760 asciverant3

92 787 246 814 recens
275 771 410 814 Doris
441 772 662 831 longiores
692 773 1019 815 terminationes
1048 790 1185 814 τωσαν
1215 779 1257 813 et
1289 779 1462 813 σθωσαν
1495 775 1548 816 il-

93 840 150 882 lis
179 840 436 894 admiscuit,
470 857 579 899 quae
609 841 816 883 maturius
847 841 891 882 in
916 841 1061 883 Attica
1094 840 1278 882 dialecto
1310 840 1546 897 deprehen-

91 907 253 949 duntur
281 908 370 951 vid.
404 908 445 961 ξ
479 908 557 963 36,
589 910 631 952 4.
665 936 719 941 —-
777 908 1155 967 Praepositionum
1185 923 1375 966 apocope
1407 908 1539 951 absti-

94 983 221 1018 netur
249 977 338 1019 vid.
370 976 412 1030 ξ.
444 977 516 1018 43,

206 1079 344 1121 Vides
375 1096 461 1122 non
492 1087 651 1122 temere
681 1078 842 1122 Dorica
872 1079 1033 1121 Atticis
1064 1079 1196 1121 mixta
1226 1095 1347 1133 csse,
1378 1078 1455 1120 sed
1485 1080 1547 1122 le-

95 1163 173 1203 ges
213 1148 418 1205 quasdam
455 1147 678 1206 conspici,
725 1147 883 1203 quihus
925 1147 1007 1188 alia
1041 1147 1255 1205 genuinae
1283 1147 1440 1189 Doridi
1471 1164 1543 1205 pc-

96 1215 274 1257 culiaria
294 1215 501 1274 religiose
523 1222 769 1263 servantur,
803 1214 886 1256 alia
916 1215 961 1256 in
982 1214 1179 1256 Atthidis
1213 1214 1545 1256 similitudinem

96 1282 384 1342 abripiuntur.
448 1283 537 1325 Cur
568 1283 739 1339 singula
771 1298 967 1340 quaeque
998 1290 1071 1324 aut
1092 1290 1250 1324 mutata
1282 1290 1355 1324 aut
1384 1291 1548 1324 retenta

96 1350 209 1404 sint,
256 1351 359 1392 satis
401 1351 617 1410 explicare
659 1366 745 1391 non
784 1351 991 1392 valemus.
1051 1349 1303 1392 Numeralia
1344 1350 1469 1391 ctiam
1504 1351 1548 1391 in

94 1419 307 1461 hodierno
348 1419 547 1461 Sassicac
589 1418 762 1459 dialecti
803 1435 912 1472 usu,
970 1418 1007 1459 si
1048 1426 1163 1460 rcctc
1202 1418 1546 1468 observavimus,

95 1503 146 1529 co
177 1486 412 1541 inclinant,
457 1496 502 1529 ut
531 1486 823 1528 dominantem
857 1486 1095 1545 superioris
1129 1486 1384 1529 Germaniae
1415 1486 1546 1530 dialc-

0 1593 4 1604 ,
46 1554 49 1622 j
96 1562 209 1597 ctum
240 1562 490 1613 sequantur.

746 1716 788 1770 ξ.
821 1717 891 1760 48.

552 1821 630 1852 De
657 1823 854 1854 mitiore
879 1821 1085 1853 Doride.

207 1918 250 1965 1)
294 1917 511 1960 Mitiorem
542 1918 752 1960 Doridem
782 1935 874 1961 eam
907 1918 1122 1969 diximus,
1154 1935 1262 1976 quae
1293 1920 1543 1963 declinatio-

95 1984 166 2027 nis
197 1986 410 2028 secundac
442 1986 678 2043 genitivum
711 2003 808 2028 cum
837 1987 1020 2028 Atthide
1060 1986 1106 2027 in
1147 2005 1194 2028 ου
1232 1989 1455 2037 terminat,
1502 1996 1548 2029 ut

97 2058 246 2103 ἵππου,
289 2061 332 2096 et
361 2054 536 2096 omnino
567 2054 810 2096 Atticarum
841 2055 1208 2113 diphthongorum
1241 2071 1276 2095 ει
1306 2063 1348 2097 ct
1378 2073 1424 2097 ov
1454 2072 1547 2097 mu-

95 2121 258 2163 tatione
289 2120 334 2161 in
366 2140 389 2171 η
422 2129 463 2163 et
495 2139 526 2162 ω
556 2122 759 2164 abstinet.
819 2122 947 2170 Alia,
982 2122 1028 2163 in
1060 2122 1222 2180 quibus
1252 2123 1396 2164 minus
1421 2139 1546 2180 quam

97 2189 288 2231 severior
318 2188 452 2230 Doris
483 2189 534 2230 ab
563 2190 744 2232 Atthide
778 2190 989 2243 discedit,
1037 2189 1081 2230 iu
1111 2199 1318 2247 sequente
1348 2205 1548 2247 paragra-

94 2258 181 2314 pho
229 2256 510 2313 apparcbunt.
592 2257 850 2315 Digamma,
908 2258 1025 2316 quod
1069 2257 1312 2314 antiquiore
1351 2265 1546 2314 tempore

94 2340 229 2382 acque
273 2340 322 2366 ac
370 2323 561 2366 severior
599 2325 731 2366 Doris
770 2327 1143 2385 frequentaverat,
1189 2341 1268 2381 per
1311 2324 1544 2366 secundam

95 2398 274 2433 aetatem
315 2391 359 2431 in
401 2391 572 2433 Atticae
616 2392 787 2435 dialecti
827 2393 1160 2436 similitudinem
1197 2392 1416 2447 abjectum
1456 2400 1546 2446 est,

97 2459 250 2518 scripti
281 2459 458 2516 quidem
480 2467 644 2501 certum
676 2461 919 2517 exemplum
947 2477 1033 2503 non
1057 2467 1277 2516 superstes
1298 2467 1380 2512 est,
1415 2476 1546 2518 quum

93 2526 361 2585 pronuntiati
404 2534 476 2568 aut
515 2527 678 2569 hiatum
718 2529 965 2570 excusantis
995 2529 1109 2585 apud
1139 2526 1448 2582 Epicharmium
1478 2543 1549 2570 vc-

97 2595 226 2651 stigia
255 2595 463 2651 quaedam
493 2594 778 2653 reperiantur.
840 2595 934 2637 Soli
953 2594 1136 2652 Argivi,
1168 2594 1433 2651 Pamphylii,
1470 2594 1551 2652 Sy-

95 2662 294 2704 racusani
324 2662 368 2703 in
399 2662 555 2704 mediis
587 2663 768 2705 vocibus
801 2662 1033 2721 aliquotIes
1055 2668 1083 2715 β
1111 2661 1157 2703 in
1189 2662 1355 2718 antiqui
1387 2662 1552 2720 digam-

96 2731 155 2772 mi
201 2731 344 2773 locum
390 2737 661 2789 acceperunt.
744 2729 841 2772 Jam
891 2730 1087 2787 singulas
1132 2728 1318 2771 mitioris
1368 2729 1550 2772 Doridis

1212 2813 1291 2855 26*
