1779 3079
191 168 291 218 396
520 168 565 229 §.
593 167 674 219 47.
742 171 815 218 De
851 171 1078 220 universa
1113 173 1308 222 Doride.

300 307 351 348 In
380 314 583 349 accentus
624 308 790 350 ratione
817 308 952 351 Doris
982 309 1197 368 ignoravit
1226 310 1486 355 Lesbiorum
1516 314 1640 372 bary-

187 374 390 436 tpnesin‚
442 375 550 417 adeo
594 376 711 417 acuti
751 377 898 434 paullo
936 378 1148 421 amantior
1184 379 1267 420 fuit
1306 396 1433 438 quam
1474 382 1640 437 Atthis,

186 443 372 486 maxime
402 458 504 486 vero
539 459 636 485 cum
667 445 746 486 hac
777 461 826 487 60
860 445 1031 498 differt,
1079 446 1198 504 quod
1236 448 1463 506 antiquum
1493 465 1643 491 accen-

186 518 278 552 tum
308 518 484 569 propter
523 511 744 554 literarum
774 514 843 555 vel
874 514 1240 571 pronuntiationis
1270 516 1479 558 rationem
1506 527 1642 560 muta-

184 585 270 620 tam
311 587 384 621 aut
422 579 520 622 aliis
561 580 614 623 de
653 581 796 622 causis
838 581 889 622 ab
921 581 1103 623 Atthide
1135 582 1350 625 desertum
1383 601 1510 643 saepe
1539 585 1643 628 reli-

185 645 307 704 giose
339 647 542 690 servavit.
576 673 629 678 -
659 648 732 690 Ad
753 648 1011 691 Lesbiaeam
1043 650 1229 707 psilosin
1261 668 1393 709 quum
1424 653 1644 710 antiquior

182 713 316 756 Doris
345 715 556 758 inclinare
586 715 813 770 videatur,
846 724 1032 759 attamen
1062 719 1107 759 in
1139 719 1389 761 universum
1421 736 1444 761 a
1472 719 1644 777 vulgari

186 782 365 840 spiritus
398 784 564 824 ratione
596 799 684 825 non
715 785 899 826 multum
932 785 1163 826 receditur.
1195 813 1250 818 —
1309 787 1539 845 Digamma
1569 803 1641 829 an-

182 850 348 908 tiquior
376 849 511 893 Doris
543 868 567 893 e
597 851 892 893 vetustissima
929 852 1084 908 lingua
1115 869 1202 894 non
1232 853 1378 896 minus
1407 855 1644 896 retinuerat

181 933 310 976 quam
340 918 548 961 Aeolieae
583 919 780 973 dialecti,
814 936 947 977 quum
978 920 1024 961 in
1054 920 1155 961 Iade
1186 928 1228 961 et
1249 921 1430 962 Atthide
1462 921 1535 962 diu
1566 922 1645 964 ob-

183 986 442 1041 solevisset3
489 987 566 1028 sed
608 987 710 1029 inde
751 1003 774 1028 a
816 987 968 1044 quinto
999 988 1091 1030 fere
1125 989 1298 1030 53661110
1329 1005 1428 1047 pars
1458 989 1644 1032 Dorien-

181 1053 292 1095 sium
322 1054 513 1096 aversari
543 1055 590 1096 id
620 1063 750 1113 atque
779 1055 993 1111 abjicere,
1038 1072 1171 1113 quum
1209 1073 1334 1114 pars,
1377 1057 1548 1100 turbato
1578 1064 1643 1100 ta-

177 1137 276 1163 men
317 1121 456 1180 magis
495 1123 723 1182 magisque
766 1139 876 1177 usu,
930 1124 1095 1166 diutius
1135 1125 1355 1167 retineret.
1398 1152 1454 1157 —-
1520 1125 1643 1167 luter

179 1204 392 1231 consonas
422 1191 649 1249 antiquum
678 1210 725 1247 τ,
760 1191 879 1250 quod
908 1192 959 1233 ab
991 1192 1202 1247 Ionibus,
1234 1193 1423 1246 Atticis,
1464 1193 1642 1235 Lesbiis

178 1257 225 1298 in
258 1274 282 1298 σ
310 1265 519 1300 mutatum
550 1267 639 1315 651,
679 1276 702 1302 3
733 1259 1025 1303 Doriensibus
1056 1260 1308 1314 tenebatur,
1355 1277 1483 1319 quem
1512 1277 1641 1303 usum

179 1325 335 1367 Boeoti
365 1326 411 1367 111
441 1327 662 1386 plerisque
703 1344 974 1371 communem
1009 1328 1187 1371 habent.
1262 1328 1456 1370 Literam
1486 1329 1640 1387 Roppa

178 1393 362 1453 ejusque
391 1394 584 1452 priscum
615 1412 770 1438 sonum
800 1397 893 1438 sola
923 1397 1099 1454 antiqua
1121 1396 1257 1439 Doris
1288 1398 1347 1448 (si
1367 1396 1639 1441 Crotoniatas

178 1461 378 1504 Achaeos
395 1462 591 1506 Doribus
615 1465 897 1507 adnumerare
917 1463 1042 1519 licet)
1074 1480 1267 1506 servasse
1298 1465 1481 1507 videtur.
1530 1466 1638 1508 Item

178 1529 337 1571 Doridi
367 1531 588 1589 peculiare
621 1540 712 1587 est,
760 1533 876 1591 quod
918 1533 963 1574 in
1006 1532 1234 1575 verborum
1275 1533 1320 1573 in
1362 1537 1418 1581 ξω
1451 1533 1639 1576 declina-

177 1597 335 1639 mentis
379 1598 542 1658 ubique
587 1605 608 1650 ξ
653 1617 731 1659 pro
771 1602 943 1659 vulgari
986 1617 1010 1642 σ
1051 1601 1318 1658 conspicitur
1358 1602 1444 1643 vid.
1490 1602 1531 1655 ξ.
1568 1603 1636 1643 11.

181 1664 311 1718 Quod
341 1682 428 1709 non
467 1683 490 1709 e
531 1685 698 1711 summa
739 1669 995 1727 antiquitate
1034 1669 1238 1711 traditum
1277 1684 1373 1712 6556
1415 1670 1638 1713 docuimus

179 1734 254 1775 sed
286 1751 307 1776 6
338 1735 515 1777 rudiore
547 1737 731 1794 quodam
762 1753 1051 1780 consonarum
1082 1753 1296 1779 concursu
1318 1744 1489 1787 natum,
1523 1738 1636 1780 unde

177 1817 265 1843 non
296 1802 461 1845 minore
485 1804 588 1860 jure
619 1805 886 1847 Lesbiacum
922 1823 974 1846 σσ
1005 1805 1169 1863 prodiit
1202 1804 1276 1860 (L.
1302 1806 1322 1846 I
1353 1808 1392 1859 ξ.
1418 1806 1489 1859 9),
1522 1806 1638 1863 quod

177 1885 200 1910 a
232 1868 409 1912 Boeotis
439 1871 486 1912 in
517 1890 559 1912 ττ
588 1880 796 1914 1111113111111
827 1881 893 1915 651
921 1874 995 1924 (L.
1028 1874 1049 1914 l
1088 1874 1129 1926 ξ.
1165 1873 1234 1926 37,
1267 1874 1337 1926 3),
1370 1873 1422 1913 ab
1454 1873 1635 1914 Ionibus

177 1945 219 1978 et
248 1937 409 1979 Atticis
440 1938 486 1980 in
514 1940 700 1997 simplex
733 1958 772 1982 σ.
815 1965 868 1971 -—
928 1942 1046 1982 Inter
1084 1941 1257 1982 vocales
1297 1944 1322 1980 ἆ
1358 1955 1435 1997 pro
1478 1956 1494 1979 ε
1533 1948 1573 1981 61
1614 1957 1634 1981 ο

176 2004 364 2062 positum
395 2021 493 2047 cum
523 2006 721 2049 Doribus
750 2009 1005 2066 plerumque
1033 2008 1187 2050 Boeoti
1217 2023 1444 2048 commune
1476 2007 1637 2049 habent

177 2070 251 2119 (L.
285 2073 305 2113 I
347 2069 383 2130 ἓ.
418 2073 515 2127 38),
558 2082 673 2116 certe
711 2075 786 2116 ubi
826 2094 851 2116 α
880 2083 1095 2117 vetustum
1128 2091 1224 2117 esse
1254 2075 1447 2129 videtur,
1494 2075 1634 2117 rarius

176 2141 338 2183 Aeoles
387 2146 451 2193 (ut
491 2141 600 2185 Dor.
647 2143 822 2193 ἅλλοκα,
878 2144 1012 2185 Lesb.
1057 2144 1202 2184 ἅλλοτα
1246 2170 1298 2174 ——
1344 2144 1453 2185 Dor.
1497 2143 1630 2185 Lesb.

179 2209 368 2260 ἄνωθα),
401 2210 476 2267 qui
506 2211 652 2268 potius
677 2212 913 2254 contrarias
936 2212 1195 2253 mutationes
1216 2211 1482 2253 adamarunt.
1529 2212 1633 2253 Pro-

178 2276 355 2319 ductum
391 2278 416 2318 ἆ
451 2295 530 2336 pro
572 2298 596 2329 η
638 2287 685 2321 111
723 2279 863 2321 Dores
907 2279 964 2321 ita
997 2280 1204 2322 Aeolicac
1244 2280 1415 2322 dialecti
1460 2278 1633 2338 (paucis

177 2344 436 2402 quibusdam
466 2347 685 2405 exceptis,
728 2364 837 2405 quae
867 2348 1021 2389 Lesbii
1053 2349 1262 2406 peculiari
1294 2349 1460 2391 ratione
1490 2348 1632 2405 prosc-

176 2413 344 2464 rebant)
387 2421 428 2454 61
468 2415 610 2456 01111115
654 2416 817 2458 Graeca
856 2416 1006 2472 lingua
1046 2424 1215 2473 praeter
1246 2416 1389 2457 ladem
1418 2424 1459 2456 ct
1490 2415 1631 2456 Atthi-

177 2481 273 2522 dem
318 2488 532 2524 extremae
572 2483 819 2540 antiquitati
860 2483 1032 2525 debent.
1124 2485 1174 2524 ln
1219 2483 1526 2525 contractionis
1569 2499 1631 2525 ra·

176 2548 295 2591 tione
327 2565 372 2590 αε
393 2549 556 2594 Ι)01·160
586 2568 702 2594 more
733 2552 780 2593 iu
811 2570 834 2602 η
867 2559 1130 2593 contractum
1163 2559 1341 2609 utraque
1361 2550 1512 2592 Aeolis
1544 2566 1632 2592 11011

176 2616 373 2673 ignorat,
420 2633 605 2678 cumque
648 2620 822 2662 modum
851 2620 1064 2662 vocalium
1094 2636 1200 2663 sono
1232 2619 1503 2677 aptissimum
1534 2633 1631 2659 esse

175 2694 365 2742 apparet.
440 2686 541 2729 Non
582 2687 724 2730 miuus
765 2693 790 2728 ἇ
827 2704 879 2730 ex
920 2706 969 2730 αο
999 2696 1041 2729 61
1080 2706 1139 2729 am
1171 2688 1331 2730 Dorice
1370 2694 1515 2728 natum
1544 2685 1630 2726 Lc-

178 2753 287 2794 sbiis
318 2769 544 2797 commune
575 2763 638 2797 651
679 2764 747 2809 61,
791 2765 999 2815 quantum
1040 2773 1115 2815 per
1145 2755 1452 2798 contractionis
1482 2754 1629 2810 fugam

1740 334 1750 352 A
