1779 3079
516 210 558 269 §.
595 211 641 257 2.
713 209 789 255 De
822 207 1045 257 fontibus.
1446 206 1510 256 15

172 346 219 399 9)
278 346 315 388 E
348 343 692 404 Sporadibus
721 342 896 385 Dorieis
926 344 973 385 hi
1001 345 1114 387 tituli
1144 354 1398 405 suppetunt:

226 413 389 455 Melii
420 414 471 456 C.
504 413 540 454 I.
573 428 639 452 nr.
670 411 798 453 2424.
829 412 939 453 2433
968 412 1226 455 brevissimi.

226 479 678 537 Pholegandrius
716 494 740 519 a
779 478 937 519 Rossio
976 479 1115 520 editus
1153 481 1199 521 in
1237 482 1361 524 Actis
1390 482 1505 524 Aea-

58 546 222 588 demiae
250 546 526 588 Monacensis
555 546 670 587 Hist.
696 545 814 586 Phil.
846 545 948 586 Vol.
972 546 1040 600 ll,
1074 547 1182 589 1837
1210 564 1253 604 p.
1276 549 1355 591 401
1379 565 1501 607 seqq.

58 630 127 655 nr.
160 615 242 667 29,
275 614 387 655 unde
417 614 529 655 nihil
557 619 735 671 apparet
762 612 849 654 nisi
878 613 1223 671 Pholegandrios
1253 615 1414 658 Dorice
1444 618 1504 658 lo-

57 688 213 738 quutos
244 697 353 722 esse.

222 748 301 788 Th
315 748 460 790 eraei
491 748 771 791 vetustissimi
800 764 897 790 cum
922 748 1166 791 recentibus
1186 748 1280 790 aliis
1300 765 1323 790 a
1342 749 1504 791 Bocch-

55 813 128 854 hio
151 814 256 856 editi
275 815 320 856 in
341 815 467 857 Actis
489 816 626 857 Acad.
646 816 791 858 Berol.
817 817 925 859 1836
955 817 1070 858 Hist.
1094 816 1209 858 Phil.
1234 818 1342 874 p.4l
1362 833 1504 875 seqq.,

55 896 204 922 omnes
233 883 322 924 fere
352 883 463 924 nihil
491 883 577 924 nisi
606 883 778 925 nomina
808 884 982 942 propria
1012 884 1276 925 exhibentes.
1340 885 1506 926 Summi

54 949 184 1006 pretii
221 956 286 990 est
326 950 546 1007 Epietetae
585 958 884 993 testamentum
926 952 977 993 C.
1020 952 1054 992 I.
1098 968 1164 992 nr.
1197 952 1332 1005 2448,
1378 952 1507 1008 ampli

56 1016 240 1057 ambitus
271 1023 314 1058 et
342 1017 452 1059 bene
483 1026 722 1072 servatum,
755 1035 999 1077 quanquam
1029 1019 1212 1060 subinde
1236 1019 1507 1075 negligenter

57 1082 319 1140 deseriptmn
358 1085 541 1127 videtur.
609 1087 704 1128 Alii
742 1087 856 1128 tituli
896 1103 962 1128 nr.
995 1086 1107 1129 2450
1138 1093 1218 1126 etc.
1253 1102 1387 1143 pauca
1415 1088 1505 1129 fere

55 1150 231 1191 nomina
260 1152 464 1194 exhibent
497 1160 539 1194 et
567 1153 792 1195 maximam
821 1161 983 1212 partem
1013 1154 1273 1195 recentiores
1305 1161 1419 1196 sunt.

223 1219 508 1277 Auapbaei
549 1237 572 1262 a
611 1221 770 1263 Rossio
809 1222 912 1263 editi
951 1221 995 1262 in
1032 1221 1157 1263 Actis
1194 1221 1347 1262 Monn.
1388 1222 1419 1263 l.
1452 1222 1504 1277 l.,

53 1299 236 1342 quorum
276 1286 441 1344 primus
485 1304 507 1329 e
546 1289 769 1346 pejoribus
810 1289 979 1331 schedis
1018 1289 1063 1330 in
1105 1289 1156 1331 C.
1198 1289 1234 1330 I.
1279 1306 1346 1330 nr.
1376 1290 1503 1343 2477,

55 1346 132 1392 se'd
170 1352 295 1394 etiam
335 1355 447 1412 apud
477 1356 683 1397 Rossium
723 1357 837 1398 lacer
881 1364 923 1398 et
952 1356 1104 1398 dubiae
1135 1373 1259 1414 saepe
1289 1357 1504 1398 lectionis.

52 1417 195 1475 Magis
226 1421 352 1462 etiam
382 1423 558 1464 mutilus
591 1432 655 1465 est
694 1441 761 1466 nr.
794 1426 819 1465 2
850 1424 1024 1477 Rossii,
1074 1425 1196 1479 cujus
1233 1424 1413 1481 reliqui,
1460 1432 1508 1465 ut

52 1485 98 1527 in
126 1486 177 1529 C.
211 1488 247 1529 I.
281 1505 348 1531 nr.
368 1490 673 1545 2477-2480,
708 1499 750 1533 ct
779 1492 997 1533 breviores
1029 1499 1071 1532 et
1096 1492 1356 1533 recentiores
1388 1500 1502 1534 sunt.

72 1607 76 1612 ι
221 1556 762 1614 Astypalaeensium
793 1560 962 1601 decreta
990 1576 1057 1600 nr.
1081 1560 1207 1601 2483.
1229 1560 1341 1602 2484
1371 1568 1412 1601 et
1442 1576 1505 1601 re-

54 1621 222 1663 centius
262 1639 330 1664 nr.
362 1625 472 1667 2485
519 1626 619 1666 anni
660 1643 697 1667 a.
734 1627 837 1668 Chr.
874 1627 978 1682 105,
1023 1634 1241 1685 practerea
1278 1644 1345 1669 nr.
1377 1627 1503 1671 2487.

56 1689 183 1731 2488.
216 1690 327 1732 2489
358 1707 590 1748 paucorum
623 1694 865 1735 verborum.

224 1756 643 1815 Calymuiorum
682 1762 897 1804 decretum
938 1761 991 1803 ad
1030 1761 1224 1802 Iasenscs
1267 1761 1317 1803 C.
1350 1762 1387 1804 I.
1437 1780 1502 1806 nr.

0 1840 1 1854 ¹
50 1823 191 1877 2071,
231 1824 317 1865 Iasi
348 1827 561 1883 positum,
606 1828 715 1870 bene
753 1830 1024 1887 paucissimis
1056 1829 1245 1885 exceptis
1276 1838 1504 1885 servatum,

53 1891 169 1947 quod
196 1890 441 1935 Boeclihius
472 1895 525 1935 ad
553 1895 792 1938 Alexandri
822 1897 884 1938 Μ.
918 1904 1098 1938 aetatem
1129 1897 1274 1938 refert.
1343 1897 1506 1938 Eodem

54 1958 233 1999 forsitan
276 1961 533 2017 pertinum-It
574 1962 759 2006 Doricae
799 1965 917 2006 urbis
963 1964 1186 2019 cujusdam
1230 1964 1411 2022 epistola
1455 1966 1506 2006 ad

53 2025 321 2082 Bargylietas
353 2045 418 2070 nr.
451 2030 562 2072 2670
591 2031 820 2089 Bargyliae
850 2032 1015 2089 posita,
1058 2032 1179 2073 valde
1209 2032 1371 2073 mutila.

224 2094 326 2135 Coi
357 2095 470 2137 tituli
501 2113 566 2140 nr.
600 2100 709 2142 2503
741 2108 783 2141 et
811 2100 920 2141 2513
950 2115 1184 2157 paucorum
1214 2100 1456 2142 verborum.

221 2161 433 2204 Rhodii
472 2181 537 2207 nr.
579 2168 704 2209 2524.
749 2167 859 2210 2525
899 2173 941 2207 et
978 2167 1161 2208 maxime
1191 2183 1257 2207 nr.
1289 2167 1427 2220 2525,
1459 2167 1503 2219 b,

55 2227 211 2269 summi
243 2230 370 2286 pretii
399 2231 577 2288 titulus,
623 2234 723 2291 quia
752 2242 794 2276 et
823 2235 979 2291 longus
1011 2240 1076 2275 est
1107 2241 1147 2275 et
1178 2234 1336 2292 optime
1367 2250 1504 2275 serva-

56 2300 150 2347 tus,
197 2312 263 2336 nr.
295 2296 406 2340 2527
436 2307 477 2340 et
506 2302 579 2342 alii
607 2302 825 2344 breviores
856 2301 926 2344 vel
951 2302 1211 2343 recentiores
1230 2333 1243 2355 ,
1287 2310 1504 2358 postremo

53 2377 120 2402 nr.
153 2362 262 2404 2905
301 2367 554 2409 senteutiam
588 2370 783 2424 judicum
814 2369 1082 2411 Rhodiorum
1112 2369 1163 2410 (le
1194 2369 1351 2410 finibus
1383 2368 1502 2409 Prie-

52 2429 254 2470 nensium
284 2432 534 2488 continens,
566 2436 748 2478 Prienae
779 2437 944 2494 positus
974 2436 1086 2478 inter
1117 2436 1190 2478 Ol.
1224 2436 1304 2478 140
1334 2442 1375 2476 et
1406 2435 1502 2489 155,

55 2496 180 2552 cujus
211 2498 313 2539 satis
342 2500 474 2541 multa
504 2511 736 2559 supersunt
763 2505 872 2546 benc
903 2510 1081 2546 servata.

168 2565 239 2617 10)
302 2566 511 2608 Cretici
540 2570 676 2611 tituli:

198 2632 380 2673 ·Latio
395 2650 506 2675 rum
536 2643 577 2676 et
607 2636 959 2679 Olontiorum
987 2638 1139 2679 foedus
1163 2636 1214 2676 C.
1236 2635 1271 2676 I.
1300 2651 1365 2677 nr.
1389 2637 1498 2679 2554

55 2698 185 2755 ampli
228 2701 435 2754 ambitus,
483 2702 558 2743 sed
588 2703 895 2748 incertissimae
925 2705 1137 2746 lectionis.
1211 2702 1321 2743 Nam
1352 2703 1496 2760 singu-

54 2764 142 2806 lare
174 2767 350 2822 folium,
382 2785 466 2826 quo
500 2770 601 2813 olim
630 2772 828 2816 venetiis
858 2773 1018 2816 editum
1049 2779 1139 2825 est,
1172 2786 1304 2828 quum
1333 2770 1495 2813 Bocch-
