1779 3079
234 197 334 249 238
599 199 674 245 De
709 196 923 247 dialectis
962 198 1324 278 Pseudaeolicis.

231 333 350 389 μένος
390 334 435 377 in
475 333 663 376 Phocico
703 334 814 391 apud
852 334 1056 377 Rossium
1095 352 1160 377 nr.
1193 334 1274 388 81,
1329 334 1400 377 cui
1437 350 1682 393 comparan-

234 402 333 444 dum
379 409 444 443 est
483 401 734 444 Boeotieum
780 401 1056 444 α’πυδεὸὀαιιθι
1087 404 1216 452 1569,
1250 419 1288 444 a.
1322 402 1414 457 1113
1472 399 1683 446 Aeolicus

230 470 499 512 accusatims
529 469 686 522 Λαμοὶν
725 470 911 524 ἰΙ)ἰι1ι·ηις,
971 470 1300 527 praepositionis
1340 472 1433 525 περὶ
1472 470 1597 512 elisio
1635 471 1683 512 in

230 537 406 593 πέροδος
449 537 492 577 in
531 536 745 595 Delphico
779 538 907 583 1688,
944 537 1020 590 18,
1080 555 1325 596 quanquam
1368 537 1529 579 ibidem
1563 538 1595 579 l.
1631 539 1682 581 18

231 612 298 648 est
339 606 552 658 περιὶὲῖεν,
614 622 746 664 quum
791 604 967 645 voculae
1007 604 1132 647 elisio
1173 613 1213 648 et
1252 621 1438 663 apocope
1475 605 1682 647 Aeolicae

229 673 342 723 sint,
374 673 461 714 vid.
495 669 533 729 ξ.
566 674 636 727 28,
668 674 711 724 2,
746 680 960 729 praeterea
990 674 1102 729 apud
1132 673 1366 715 Pindarum
1396 672 1680 730 reperiantur,

228 748 276 783 ut
305 740 499 797 περόδοις
527 741 652 782 Nem.
686 741 769 793 XI,
801 739 880 789 40,
912 746 953 780 et
983 740 1027 781 in
1057 741 1229 783 foedere
1257 741 1463 783 Eleorum
1492 757 1576 796 παρ
1606 757 1679 782 πο-

226 808 330 863 λέμω
361 825 439 867 pro
470 812 562 863 περὶ
591 809 780 860 πολέμου.

340 878 385 929 4)
425 877 521 919 Jam
553 877 838 933 intelligitur,
884 876 1064 917 dialecto
1097 875 1141 916 in
1172 876 1249 917 hac
1280 875 1443 918 mediae
1473 877 1679 920 Graeciae

223 952 342 1003 parte
373 945 538 1001 vigenti
568 945 754 1001 aliquam
787 960 880 985 esse
917 960 1013 984 cum
1043 943 1239 984 Aeolieis
1271 943 1489 994 dialectis,
1545 946 1677 986 maxi-

222 1029 291 1056 me
321 1012 551 1064 Boeotica,
593 1012 915 1068 cognationem,
958 1028 1096 1068 neque
1127 1019 1265 1051 tamen
1298 1026 1415 1064 eam,
1460 1018 1505 1051 ut
1535 1028 1558 1052 a
1587 1012 1678 1054 Do-

222 1081 337 1131 rica,
371 1095 553 1136 quacum
585 1080 719 1121 multo
752 1080 871 1136 plura
897 1078 1137 1121 communia
1170 1078 1319 1130 hahet,
1352 1078 1547 1134 disjungi
1577 1096 1677 1137 pos-

222 1149 294 1192 sit.
368 1148 429 1189 At
461 1147 717 1189 dubitaverit
746 1147 926 1205 aliquis,
981 1163 1033 1187 an
1064 1145 1225 1187 Dorica
1263 1146 1414 1202 lingua
1453 1162 1538 1188 non
1569 1147 1676 1188 anti-

225 1216 373 1275 quitus
414 1215 482 1256 his
525 1215 698 1272 populis
736 1214 781 1255 in
819 1231 898 1255 usu
937 1214 1089 1268 fuerit,
1152 1214 1226 1255 sed
1268 1214 1417 1255 eodem
1455 1213 1581 1256 modo
1621 1215 1677 1257 sit

221 1284 419 1341 adoptata
463 1290 504 1324 et
548 1283 694 1339 paucis
737 1282 902 1339 antiqui
931 1282 1146 1323 Aeolismi
1186 1281 1384 1338 reliquiis
1425 1288 1673 1338 temperata,

221 1367 306 1409 quo
336 1351 382 1392 in
412 1349 648 1391 Arcadicae
680 1350 820 1390 locum
852 1350 1120 1391 successerit.
1185 1349 1267 1390 Cui
1298 1364 1541 1406 quanquam
1572 1365 1674 1391 con-

221 1419 443 1471 cedimus,
478 1417 799 1458 Corinthiorum
831 1417 1014 1459 coloniis
1045 1417 1232 1475 aliquam
1263 1417 1348 1458 vim
1379 1416 1509 1457 tribui
1542 1432 1672 1473 posse

219 1488 266 1529 in
295 1487 572 1528 Acarnanum
603 1485 820 1540 linguam,
865 1485 1064 1542 antiquae
1097 1485 1288 1526 Creticae
1318 1484 1364 1525 iu
1394 1483 1670 1540 Delphicam,

219 1554 480 1597 Tracliiniae
517 1561 558 1594 et
586 1552 903 1594 Messeniorum
932 1553 1194 1610 Naupactiae
1235 1552 1279 1593 in
1319 1551 1559 1593 vicinorum
1589 1553 1671 1594 lin-

218 1637 373 1681 guam,
425 1637 510 1662 non
549 1628 637 1684 erat
667 1628 807 1661 tamen
846 1636 1031 1676 unquam
1075 1637 1121 1661 ca
1150 1619 1430 1661 Doriensium
1461 1619 1575 1676 apud
1604 1636 1669 1662 re-

215 1690 361 1748 liquos
391 1689 597 1738 Aetolos,
630 1688 899 1738 Phocenses,
932 1688 1096 1729 Locros
1127 1688 1384 1739 auctoritas,
1427 1694 1474 1728 ut
1502 1703 1550 1729 ea
1580 1688 1669 1729 dia-

214 1756 314 1800 lecti
347 1756 524 1797 mutatio
555 1755 648 1796 fieri
687 1756 897 1813 potuerit,
952 1773 1078 1814 quam
1120 1756 1425 1813 inscriptiones
1461 1755 1664 1811 produnt.

214 1824 363 1881 Itaque
396 1824 624 1876 Straboni,
680 1823 780 1865 illos
818 1824 1003 1881 populos
1033 1824 1237 1865 Aeolicos
1268 1838 1500 1880 eorumque
1533 1822 1664 1864 diale-

214 1898 305 1932 ctos
335 1891 538 1933 Aeolicas
570 1890 765 1942 vocanti,
816 1891 958 1932 minus
989 1891 1228 1938 credimus,
1289 1907 1414 1947 quam
1454 1890 1533 1939 iis,
1585 1889 1663 1946 qui.

212 1958 394 2000 Aetolos
435 1959 626 2000 Doribus
677 1958 979 2006 adnumerant,
1034 1958 1307 2000 Crisaeorum
1343 1958 1538 2016 linguam
1573 1957 1661 1999 dia-

210 2026 321 2069 lecto
351 2025 551 2067 Doricae.
585 2025 670 2066 vid.
705 2026 745 2078 ξ.
784 2026 819 2066 1.
853 2032 942 2067 not.
972 2026 1011 2067 5.
1045 2026 1087 2068 (j.
