1779 3079
565 208 639 255 Ad
674 207 885 255 Librum
922 206 1158 254 Primum.
1478 207 1578 257 525

257 344 385 402 Pag.
416 346 496 387 211
550 345 582 386 l.
615 346 656 387 5.
746 342 1032 385 Confirmatur
1075 343 1243 384 ἀνέθιαν
1282 359 1305 384 a
1336 342 1498 385 Leahio
1539 353 1579 386 et

147 410 258 453 idem
288 411 446 469 legitur
472 412 519 454 in
549 412 673 454 titulo
703 410 830 451 Ptoio
861 410 955 452 Ulr.
988 428 1028 468 p.
1053 412 1150 453 247.
1212 410 1420 453 Notamus
1452 411 1578 453 etiam

145 480 296 533 πρίασο
327 495 405 537 pro
436 480 602 536 vulgari
632 480 738 532 πρίω
767 477 957 518 Aeharn.
990 478 1088 520 836.

252 547 378 604 Pag.
409 548 491 590 212
520 548 551 589 l.
578 548 644 589 19.
705 546 756 586 In
785 544 996 600 Hesyehii
1027 545 1174 586 codiee
1203 553 1269 587 est
1301 547 1404 587 σεῒα.

254 614 381 670 Pag.
414 616 495 657 213
533 614 564 655 l.
598 613 639 655 7.
701 610 902 668 Suspicio
935 620 1078 653 nostra
1110 613 1381 655 confirmatur
1411 615 1579 673 Copen-

143 681 204 722 sis
242 681 359 724 tituli
397 682 584 724 frustulo
623 679 718 722 Ulr.
759 695 802 737 p.
837 679 920 721 247
957 681 1018 720 τοῖ
1050 679 1336 734 ἀπεγράψαντο
1369 684 1414 738 ἐμ
1444 689 1580 725 πελτο-

143 748 294 803 φόρας.

251 839 306 845 -
347 830 423 856 nr.
456 816 496 856 3,
559 813 741 856 Accedit
770 813 945 863 ἔππασις
976 815 1098 857 Curt.
1130 831 1197 857 nr.
1226 816 1268 858 7.

253 882 379 939 Pag.
412 883 495 925 214
536 883 660 923 init.
720 881 933 924 Addimus
963 883 1032 924 hie
1064 884 1116 924 de
1147 883 1401 925 Boeotorum
1434 886 1579 927 adver-

141 950 226 991 biis
256 951 491 1007 quaedam,
524 966 634 1008 quae
664 950 805 992 onmia
836 951 927 992 fere
957 967 1010 992 ex
1034 951 1391 993 Aeharnensibus
1423 967 1581 1011 eogno-

142 1025 334 1060 seuntur.
396 1018 589 1059 Primum
619 1018 870 1060 Boeoticum
900 1019 1031 1067 τῖὃε,
1077 1018 1224 1059 ἐνθάδε
1264 1019 1485 1076 Hesychio
1515 1036 1580 1062 re-

142 1085 358 1126 stituimus
389 1102 467 1142 pro
497 1087 603 1126 τίὸαι
647 1086 688 1138 ξ.
720 1085 775 1127 40
812 1093 902 1126 not.
933 1087 974 1128 4.
1062 1085 1188 1128 Justa
1218 1088 1453 1129 mutatione
1484 1088 1528 1130 id
1558 1105 1582 1131 e

140 1152 302 1195 Dorico
332 1154 434 1193 τεῖὸε
464 1153 622 1194 factum
654 1168 748 1194 esse
778 1160 965 1211 apparet.
1035 1153 1200 1195 Eodem
1232 1170 1361 1196 sensu
1392 1157 1580 1197 Aeharn.

141 1220 223 1263 869
252 1220 412 1277 legitur
441 1222 560 1272 τᾷδε,
594 1220 709 1278 quod
738 1221 811 1262 vix
841 1221 945 1263 ferri
975 1228 1115 1277 potest
1143 1222 1232 1263 vid.
1265 1223 1319 1263 L.
1352 1223 1395 1264 ΙΙ
1435 1222 1476 1276 ξ.
1507 1224 1579 1278 44,

140 1288 196 1342 83
243 1288 512 1344 suspicamur
539 1290 639 1329 τεῖδε
669 1288 875 1346 seriptum
907 1290 1075 1342 fuisse,
1122 1304 1253 1346 quum
1285 1289 1581 1349 diphthongus

142 1371 176 1395 ει
205 1354 251 1396 in
280 1355 626 1397 Aeharnensium
653 1356 871 1398 Boeotieis
902 1372 987 1398 non
1018 1364 1216 1398 mutetur.
1287 1358 1505 1400 Adverbia
1536 1360 1582 1401 in

142 1440 167 1474 ᾳ
196 1422 404 1465 rationem
436 1431 477 1465 et
506 1424 675 1465 modum
710 1423 942 1465 indicantia
987 1424 1089 1475 (vid.
1122 1425 1250 1476 ibid.)
1289 1425 1496 1481 leguntur
1525 1431 1583 1479 πᾷ

140 1489 245 1540 861,
286 1498 333 1531 ut
363 1507 385 1532 e
408 1490 604 1532 codicum
635 1491 716 1532 AB
746 1492 933 1534 lectione
961 1493 1039 1532 παῖ
1064 1509 1142 1549 pro
1170 1495 1230 1533 πᾶ
1258 1494 1427 1535 restitui
1457 1511 1581 1553 opor-

139 1565 224 1611 tet,
255 1557 284 1599 i.
309 1574 352 1615 q.
385 1561 472 1607 πῶς
501 1566 542 1599 et
569 1560 676 1612 ᾳῖπερ
709 1559 738 1601 ἰ.
766 1575 803 1601 e.
838 1560 968 1613 ὥςπερ
999 1560 1095 1602 873.
1155 1559 1327 1602 Deinde
1356 1561 1400 1602 in
1431 1579 1473 1604 v.
1500 1563 1583 1605 850

140 1624 292 1678 ἔκβαθι
319 1627 416 1678 τῷδε
446 1626 730 1681 κήπιχάριτται
757 1630 811 1679 τῷ
840 1629 949 1681 ξένῳ,
983 1643 1226 1686 quanquam
1251 1628 1505 1671 Dindorfius
1534 1631 1580 1671 in

141 1693 329 1736 editione
373 1694 615 1736 Oxoniensi
660 1694 812 1736 durum
860 1696 1124 1753 hyperbaton
1168 1696 1378 1754 exemplis
1420 1697 1580 1740 Atticis

139 1760 267 1802 tutari
308 1761 450 1802 studet
487 1759 576 1815 (eui
611 1762 673 1804 M.
706 1762 920 1819 Hauptius
950 1763 995 1804 in
1027 1763 1417 1805 Observationibus
1451 1765 1579 1806 Criti-

141 1829 206 1870 eis
240 1845 284 1886 p.
317 1829 371 1871 56
400 1828 647 1871 adversatus
678 1845 763 1888 quo
788 1830 914 1885 jure,
961 1846 1204 1889 quanquam
1234 1833 1332 1883 τῷδε
1362 1847 1457 1873 eum
1487 1833 1581 1885 ξένῳ

135 1895 323 1952 jungit,
381 1896 648 1954 hyperbaton
692 1897 837 1939 inesse
882 1906 1012 1956 neget
1039 1929 1052 1952 ,
1113 1914 1198 1940 non
1251 1899 1579 1958 intelligimus),

141 1971 266 2005 erunt
293 1971 433 2005 tamen
454 1995 467 2017 ,
515 1965 696 2022 opinor,
742 1966 898 2023 quibus
928 1967 1121 2022 placeat,
1168 1967 1205 2008 si
1236 1982 1332 2008 cum
1361 1967 1580 2009 Brunekio

139 2032 238 2071 τῶδε
269 2031 508 2074 scribentes
538 2048 625 2074 non
651 2035 887 2086 σπυριδιόυ,
920 2041 966 2075 ut
994 2035 1070 2077 ille
1090 2034 1250 2084 voluit,
1286 2035 1578 2092 suppleamus,

142 2098 218 2140 sed
256 2098 503 2140 adverbium
540 2116 847 2157 agnoscamus,
898 2102 1041 2159 qualia
1073 2110 1174 2144 sunt
1202 2102 1246 2143 in
1279 2102 1461 2144 dialecto
1490 2102 1579 2144 Do-

140 2165 230 2207 riea
258 2164 313 2206 L.
346 2166 389 2206 II
431 2167 472 2219 ξ.
504 2168 587 2221 44,
619 2168 700 2222 10,
744 2167 774 2212 ἰ,
808 2184 845 2209 e.
879 2169 1020 2211 hine.
1109 2169 1222 2211 Tum
1268 2171 1448 2211 fortasse
1492 2185 1579 2212 non

144 2233 386 2291 spernenda
415 2240 479 2275 est
508 2234 672 2276 codicis
702 2235 745 2277 A
783 2236 911 2278 lectio
942 2237 1097 2291 χαμούς·
1135 2253 1211 2295 pro
1242 2239 1370 2291 χαμαί
1405 2253 1446 2278 v.
1478 2236 1575 2280 835.

144 2300 262 2354 Quid
291 2301 432 2354 enim,
474 2301 511 2342 si
539 2302 691 2344 Boeoti
719 2306 865 2358 χαμοῖς
898 2304 1107 2358 dixerint,
1149 2312 1197 2345 ut
1218 2304 1455 2346 Dorienses
1486 2307 1579 2353 ποῖς

143 2376 185 2410 et
214 2367 372 2410 similia
402 2369 456 2409 L.
489 2369 531 2409 II
570 2369 609 2422 ξ.
642 2370 722 2423 44,
752 2371 809 2413 7⁶2
894 2372 1118 2413 Postremo
1149 2387 1172 2411 a
1203 2370 1451 2412 nominibus
1481 2387 1578 2428 pro-

141 2434 251 2492 priis
282 2435 528 2476 derivantur
564 2438 740 2490 Θείβαθι
769 2439 880 2480 Aeh.
913 2439 1024 2492 834,
1066 2437 1273 2480 'Aadvacs'
1304 2438 1408 2492 866,
1450 2455 1578 2496 quam

141 2503 320 2543 formam
350 2501 601 2544 Dindorfius
640 2512 737 2561 post
773 2505 1033 2560 Elmslejum
1070 2513 1185 2546 reete
1223 2521 1245 2547 e
1284 2505 1438 2546 scholii
1474 2506 1578 2549 lem-

142 2577 252 2611 mate
279 2568 462 2617 Ἀθάνας
490 2585 567 2626 pro
596 2569 793 2621 Ἀθάναις
821 2572 1033 2625 restituit,
1076 2589 1206 2630 quum
1238 2573 1362 2614 etiam
1393 2573 1436 2613 in
1465 2574 1576 2616 Atti-

144 2653 192 2678 ea
221 2636 403 2678 dialecto
444 2638 603 2679 rectius
633 2637 836 2690 Ἀθήνησι
867 2656 990 2698 quam
1023 2639 1225 2695 Ἀθήνῃσι
1254 2640 1486 2690 scribatur,
1536 2648 1577 2682 et

149 2705 350 2757 Θείβαθεν
378 2705 473 2747 828.
507 2706 601 2748 877.

251 2771 372 2830 Pag.
404 2772 487 2815 214
526 2788 600 2813 nr.
636 2773 674 2813 1.
736 2774 963 2816 Addantur
993 2774 1256 2822 Καλλιώνδας
1285 2782 1327 2816 et
1360 2775 1576 2830 [Χη]ρών-
