1779 3079
220 207 320 256 284
715 210 789 255 De
823 209 1171 274 conjugatione.

221 343 411 385 rioribus
448 344 517 386 vel
558 344 865 388 incertioribus
906 345 1248 400 mutationibus,
1293 363 1399 406 quas
1434 348 1671 404 praesentis

224 412 546 453 terminationes
579 416 634 461 ζω
666 422 707 454 et
739 430 824 454 σσω
854 414 1089 471 patiuntur.
1135 439 1187 445 —
1262 414 1400 473 Saepe
1436 415 1674 457 Dorienses

222 495 243 519 a
288 479 577 535 grammaticis
602 483 634 528 l)
679 481 906 523 traduntur
946 500 966 522 ν
996 483 1264 540 pleonastice
1295 483 1341 524 in
1371 483 1674 540 praesentibus

221 546 446 600 inserere,
491 556 538 588 ut
569 547 682 588 θύνω
715 556 756 590 et
787 548 891 589 ὁύνω
932 566 1010 606 pro
1047 550 1140 591 θύω
1172 558 1214 592 et
1244 550 1341 592 δύω.
1404 551 1568 592 Verum
1600 566 1674 592 ne-

221 630 306 670 que
337 615 441 655 haec
471 614 627 657 Doridi
656 617 829 674 propria
872 626 972 659 sunt
1013 617 1141 673 (adeo
1182 635 1204 660 e
1243 618 1456 660 contrario
1493 617 1673 675 καταδὺῃ

218 683 248 724 2
271 681 386 740 sing.
409 699 550 740 praes.
577 684 666 739 obj.
699 685 861 740 legitur
891 685 1137 742 Sophr.9l)
1166 702 1310 744 neque
1339 686 1534 743 reliqua,
1566 701 1675 744 quae

220 764 244 791 a
276 750 567 807 grammaticis
597 752 649 792 ad
679 752 889 794 Doricum
927 753 1050 794 illum
1082 770 1243 796 morem
1274 761 1555 807 revocantur,
1599 769 1674 795 ne-

221 833 304 875 que
337 826 556 875 postremo
587 819 632 859 in
662 819 841 862 Doricis
873 821 1068 862 fontibus
1098 821 1401 878 reperiuntur,
1446 820 1563 862 unde
1602 837 1674 878 pa-

220 892 329 935 teat,
380 886 480 927 illos
509 903 596 928 non
627 890 807 929 omnino
837 895 996 930 temere
1026 888 1071 928 in
1102 889 1183 930 hoc
1213 890 1309 930 loco
1340 896 1527 930 versatos
1560 904 1674 941 esse,

220 968 303 993 una
337 953 547 1010 Hesychii
576 955 720 1010 glossa
752 963 929 1012 excepta
961 955 1161 1009 ἁγνεῖν,
1204 956 1335 1009 ἄγειν·
1379 959 1565 1009 Κρῆτες,
1614 957 1671 997 ef.

221 1019 355 1073 ἀγνεῖ,
390 1019 586 1073 λαμβάνει
618 1028 660 1063 et
690 1021 908 1076 ἇγνησόει,
956 1022 1128 1077 ἄγὴοχε·
1160 1023 1388 1074 Λάκωνες,
1432 1024 1518 1081 leg.
1553 1022 1675 1076 ἁγνή-

220 1103 281 1127 κει
311 1094 406 1136 aut,
441 1104 572 1145 quum
603 1089 716 1146 apud
736 1090 1029 1133 Phavorinum
1063 1090 1240 1144 ἁγνήσοε
1269 1091 1342 1144 sit,
1376 1091 1537 1145 ἇγνηκε.
1581 1091 1675 1133 Nee

222 1155 408 1196 fortasse
440 1155 580 1198 aliena
611 1165 678 1199 est
716 1159 1040 1218 corruptissima
1078 1162 1221 1217 glossa
1264 1159 1514 1212 ἇγνήκαμές,
1559 1158 1673 1212 7ἷῖνο-

218 1222 396 1275 ήκαμεν·
431 1226 615 1273 Αἰολεῖς.

332 1290 501 1349 Stirpes
542 1293 587 1334 in
630 1310 677 1334 νυ
726 1302 933 1336 exeuntes
964 1295 1218 1353 plerumque
1248 1295 1597 1352 conjugationem
1628 1296 1673 1337 in

220 1375 250 1398 ω
281 1359 583 1416 conjugationi
612 1361 657 1402 in
689 1380 733 1414 μι
763 1365 1026 1420 praeferunt.
1102 1364 1164 1405 Ita
1206 1363 1341 1416 ὀμνύω
1382 1370 1447 1405 est
1475 1363 1520 1404 in
1553 1363 1670 1405 Cret.

217 1426 344 1469 2555.
370 1427 506 1478 2556,
541 1429 669 1481 ὤμνυε
697 1429 854 1487 Epich.
879 1432 956 1482 71,
991 1433 1144 1473 δείκνυε
1173 1432 1367 1488 imperat.
1400 1431 1559 1488 Epieh.
1593 1431 1674 1473 132

218 1495 286 1543 (si
331 1495 506 1552 quidem
548 1497 836 1555 fragmentum
886 1501 1126 1557 genuinum
1173 1502 1298 1551 est),
1358 1497 1673 1552 ἐπιζευγνύουσα

218 1562 473 1605 Arcliimed.
509 1565 559 1606 de
582 1566 708 1607 Plan.
728 1566 840 1623 Aeg.
875 1584 917 1625 p.
943 1568 967 1609 5
997 1575 1039 1609 et
1069 1582 1219 1624 saepe,
1253 1568 1532 1620 ε’πιζευγνυέτω
1563 1566 1670 1607 ibid.

216 1646 260 1687 p.
296 1631 373 1684 14,
429 1631 710 1675 ἀποδεικνύειν
740 1635 878 1676 Aren.
911 1652 954 1693 p.
988 1636 1095 1689 3203
1143 1643 1290 1676 contra
1321 1633 1671 1687 παραδεικνύντας

217 1697 362 1740 Rhod.
396 1700 531 1754 2905,
588 1701 862 1743 ἀναδείκνυντι
890 1703 914 1744 3
947 1703 1062 1759 sing.
1099 1701 1215 1744 Cret.
1251 1703 1385 1752 3050,
1434 1702 1673 1744 ἀποδείκνυ-

216 1782 287 1818 μεν
321 1766 438 1809 Cret.
472 1768 599 1823 3047,
633 1770 959 1824 ε’πιζευγνύμενος
987 1770 1183 1812 Archim.
1217 1770 1269 1811 de
1301 1771 1370 1811 Pl.
1405 1770 1517 1829 Aeq.
1551 1787 1593 1828 p.
1621 1770 1672 1812 15

217 1841 259 1875 et
290 1851 441 1893 saepe,
503 1838 703 1879 δείκνυται
744 1854 788 1895 p.
821 1839 900 1892 46,
962 1840 1186 1879 δείκνυνται
1225 1838 1277 1879 de
1305 1838 1449 1880 Helie.
1494 1855 1536 1896 p.
1568 1839 1669 1890 233,

219 1903 459 1944 δείκνυσθαι
487 1904 621 1947 Aren.
655 1923 697 1963 p.
728 1907 824 1949 324.
887 1906 968 1948 Illa
999 1906 1317 1962 conjugationis
1348 1906 1513 1946 ratione
1543 1905 1669 1946 etiam

219 1969 303 2010 duo
347 1971 476 2013 verba
520 1973 813 2015 Doriensibus
857 1973 1029 2030 propria
1073 1980 1278 2014 utuntur:
1343 1972 1544 2013 στανύω
1589 1988 1669 2029 pro

218 2041 386 2090 ἴστημι,
439 2039 552 2080 unde
594 2043 855 2081 στανυέσθων
886 2040 1003 2082 Cret.
1036 2040 1171 2093 2556,
1218 2048 1260 2081 et
1308 2039 1536 2088 σωννύω,
1582 2056 1669 2096 quo

217 2103 492 2148 Dinolochus
524 2106 701 2149 Siculus
741 2124 820 2165 pro
863 2108 979 2157 σώζω
1020 2124 1126 2150 usus
1169 2115 1234 2150 est
1271 2108 1507 2149 secundum
1547 2108 1667 2149 Aun.

216 2172 352 2215 Bekk.
389 2175 493 2227 114,
526 2175 567 2216 5.

265 2338 298 2378 l)
349 2336 521 2381 Append.
550 2338 608 2372 Et.
637 2337 733 2371 Gud.
760 2341 845 2380 661,
873 2340 926 2372 Sl.
977 2340 1115 2384 Δωριεῖς
1152 2337 1193 2370 τὰ
1220 2338 1262 2375 εἰς
1287 2341 1310 2370 ὦ
1337 2336 1496 2383 καθαρὸν
1520 2336 1668 2381 λήγοντα

216 2394 358 2439 ῥήματα
381 2394 439 2428 διὰ
462 2398 525 2428 τοῦ
548 2395 570 2429 ὗ
595 2397 819 2441 προφέρουσι·
857 2393 927 2429 οἷον
963 2396 1032 2428 δι’-ω
1065 2395 1172 2433 Mum»,
1214 2395 1291 2429 θύω
1329 2396 1446 2436 Otium,-
1495 2395 1668 2429 similiter

221 2452 421 2486 Herodian.
458 2454 494 2486 in
529 2453 573 2486 ll.
605 2453 673 2488 Ad.
712 2454 732 2486 s.
757 2456 824 2487 205
858 2461 893 2487 et
932 2454 1097 2487 liustaih.
1131 2456 1211 2495 151,
1243 2456 1293 2488 19.
1369 2455 1567 2488 Praeterea
1608 2453 1669 2486 hic

220 2510 377 2543 Doridis
412 2521 490 2544 mos
526 2519 830 2545 commemoratur
862 2512 907 2544 ab
936 2512 1148 2544 Herodiano
1181 2512 1276 2556 apud
1308 2511 1471 2545 [iustam.
1497 2512 1584 2551 562,
1610 2512 1668 2552 42,

219 2568 419 2601 Heraclide
446 2568 537 2601 ibid.
565 2571 632 2603 670
667 2576 784 2603 extr..
813 2570 902 2602 Ληη.
929 2570 1027 2602 Oxx.
1057 2571 1094 2612 l,
1121 2573 1211 2608 313,
1241 2572 1304 2604 lS.
1346 2570 1403 2603 Et.
1431 2569 1493 2601 Or.
1521 2569 1586 2608 49,
1615 2570 1667 2610 18,

220 2626 262 2658 En
306 2627 355 2659 M.
383 2628 468 2666 466,
495 2628 538 2660 27
570 2647 605 2652 —
635 2629 720 2668 (5:32,
748 2629 811 2666 22,
838 2628 894 2660 Et.
925 2627 970 2659 G.
997 2630 1085 2666 4:31,
1118 2630 1177 2666 13,
1206 2627 1370 2661 nussam.
1402 2627 1486 2666 172,
1514 2627 1557 2658 20
1583 2633 1667 2666 eun,

220 2683 280 2715 ubi
308 2695 353 2716 ox
382 2684 449 2717 illo
477 2696 576 2717 more
596 2684 839 2729 'explicantur
864 2684 1010 2727 ἐλαύνω,
1050 2685 1190 2729 ἐριννῶ,
1224 2685 1377 2728 ᾳοριῖνω,
1411 2683 1568 2728 ‹ipss-rm,
1601 2685 1663 2716 ὁά-

219 2744 303 2779 nrt-3,
341 2741 470 2781 δάκνω,
505 2744 666 2783 diximum
692 2751 783 2785 cm,
816 2754 969 2785 quornm
1006 2743 1180 2776 nonnulla
1213 2756 1236 2775 ω
1272 2754 1339 2775 non
1375 2752 1502 2786 purum
1531 2741 1665 2774 habere

222 2799 335 2832 xidcs.
