1779 3079
478 218 552 265 Ad
588 217 801 266 Librum
837 217 1074 264 Primum.
1396 219 1495 266 515

171 350 370 393 Ceterum
401 367 453 394 ex
494 350 648 393 iisdem
687 349 812 392 libris
843 350 1053 392 editorum
1086 350 1269 394 subinde
1299 354 1494 395 emenda-

57 417 142 461 tior
168 419 298 461 leetio
331 418 534 475 suppetit.

168 499 208 559 ἓ.
241 503 316 545 33.
376 503 445 544 De
485 510 715 545 accentu
744 501 949 544 Boeotico
981 503 1063 544 duo
1093 504 1286 559 graviora
1317 505 1495 547 Arcadii

55 569 298 611 testimonia
336 571 624 628 negleximus.
713 568 912 610 Alterum
945 578 1113 612 nostrae
1143 572 1339 629 opinioni
1369 589 1496 630 quam

54 637 237 679 maxime
267 638 482 681 adversari
511 637 709 678 videtur:
770 653 814 694 p.
848 637 928 691 39,
959 638 986 680 8
1040 638 1100 678 Τὰ
1132 641 1187 687 εἰς
1218 640 1265 688 ος
1292 642 1391 694 ὑπὲρ
1425 640 1495 682 δύο

56 703 261 758 συλλαβᾶς
311 708 366 757 τῷ
413 710 441 754 ἧ
483 703 796 758 παραληγόμενα
842 703 886 745 τὸ
931 704 1073 754 αἰζηὸς
1116 707 1221 746 ἐστίν
1261 706 1497 760 ὀξυνόμενον

53 773 169 825 (sic).
244 771 289 813 τὸ
328 771 405 825 γὰρ
445 770 645 821 πάληος
685 775 755 813 καὶ
797 771 995 826 ἅρχηος
1033 771 1137 814 κατὰ
1166 774 1321 827 τροπὴν
1350 778 1422 825 τῆς
1453 783 1496 816 αἶ

55 838 281 892 ὃιφθόγγου
311 840 459 892 ἐγένετο
505 842 573 880 καὶ
611 838 980 893 προπαροξύνεται.
1054 839 1097 882 τὸ
1139 842 1180 881 δὲ
1223 841 1382 894 ὅρηος
1429 846 1498 883 καῖ

54 905 155 948 αὐτὸ
192 906 462 959 παροξύνεται
507 908 618 965 (leg.
652 906 1023 962 προπαροξύνεται)
1079 907 1182 948 κατὰ
1232 908 1387 962 τροπὴν
1427 913 1497 959 τῆς

55 974 98 1014 οἷ
127 970 231 1032 (leg.
266 976 317 1022 ει)
351 973 577 1028 διφθόγγου
606 974 784 1028 γεγονός.
837 974 882 1016 τὸ
914 976 955 1015 δὲ
991 975 1210 1029 ε’χένηος
1247 979 1317 1017 καὶ
1347 976 1496 1018 πολύ-

52 1058 177 1091 νηος
226 1041 498 1096 παροξύνεται
551 1042 657 1100 (leg.
703 1040 1099 1096 προπαροξύνεται).
1176 1042 1352 1084 σύνθετα
1397 1043 1492 1099 γάρ.

51 1107 161 1150 Nam
192 1108 349 1159 πάληος
379 1117 420 1150 et
452 1109 606 1164 ἄρχηος
639 1110 840 1152 Boeotica
872 1117 973 1151 sunt
1003 1109 1088 1151 vid.
1123 1110 1163 1163 ξ.
1195 1111 1279 1164 40,
1316 1112 1353 1152 1.
1415 1111 1497 1152 Vi-

53 1175 105 1217 de
145 1183 315 1229 tamen,
362 1193 416 1218 ne
446 1179 548 1219 haee
579 1178 727 1235 reg-ula
759 1177 1124 1234 perturbatissime:
1156 1177 1224 1218 sit.
1317 1179 1367 1220 In
1398 1178 1495 1220 ulti-

50 1242 134 1284 mis
163 1244 453 1297 correximus,
485 1261 593 1302 quae
625 1244 878 1303 corrigenda
910 1253 1043 1286 erant.
1104 1245 1281 1286 Initium
1313 1262 1334 1287 e
1355 1246 1495 1287 Theo-

53 1319 206 1368 gnosto
235 1311 348 1353 Oxx.
382 1312 450 1364 II,
484 1312 562 1365 51,
597 1313 649 1356 18
687 1319 727 1354 et
757 1312 828 1354 Et.
862 1311 923 1352 M.
956 1311 1034 1366 32,
1067 1313 1120 1365 4,
1162 1313 1236 1370 qui
1270 1322 1412 1370 aperte
1444 1329 1495 1354 ex

51 1379 200 1421 eodem
231 1380 381 1430 fonte,
428 1379 707 1434 Herodiano,
754 1381 1020 1431 hauserunt,
1068 1379 1151 1421 nisi
1192 1381 1307 1438 quod
1339 1380 1389 1421 de
1428 1396 1494 1421 ac·

52 1453 179 1489 centu
208 1453 461 1500 tacuerunt,
507 1447 552 1487 in
584 1448 697 1488 hunc
728 1446 901 1488 modum
935 1445 1219 1503 supplendum
1251 1463 1346 1489 esse
1377 1448 1493 1489 vide-

50 1521 148 1556 tur:
209 1513 258 1555 τὰ
287 1541 340 1546 -
370 1514 684 1569 παραληγόμενα
726 1516 832 1555 ἁπλᾶ
870 1512 973 1554 κατὰ
1012 1513 1151 1563 κοινὴν
1182 1513 1388 1556 διάλεκτον
1421 1514 1493 1556 οῦκ

52 1581 160 1624 ἔστιν
191 1583 343 1635 εὑρεῖν,
377 1584 413 1622 εἰ
440 1581 492 1634 μή
524 1582 567 1624 τό
601 1581 743 1632 αἰζηὸς
773 1580 1025 1633 ὁξυνόμενον.
1087 1581 1236 1638 ltaque
1269 1598 1322 1624 ne
1353 1582 1492 1624 media

52 1649 251 1707 quidem,
300 1665 409 1707 quae
439 1650 491 1691 ad
522 1650 774 1692 Boeoticum
804 1657 1026 1690 accentum
1057 1650 1304 1706 pertinent,
1353 1650 1492 1706 suspi-

52 1717 190 1759 cionis
221 1717 468 1774 contagium
499 1718 657 1759 evitare
685 1725 900 1774 possunt,
933 1733 1176 1774 quanquam
1207 1725 1320 1758 certa
1351 1717 1492 1759 mede-

51 1786 92 1828 la
121 1801 207 1828 non
238 1785 443 1842 suppetit.

161 1871 288 1912 Alter
317 1871 495 1913 Arcadii
528 1871 650 1913 locus
681 1886 703 1911 e
733 1870 945 1911 contrario
970 1867 1186 1924 judicium
1217 1875 1408 1910 nostrum
1440 1868 1492 1910 de

51 1939 253 1981 Boeotica
291 1946 494 1980 accentus
534 1938 698 1980 ratione
736 1937 911 1995 egregie
943 1936 1190 1978 confirmat:
1249 1951 1291 1992 p.
1324 1936 1406 1988 93,
1437 1935 1488 1977 21

61 2005 122 2048 Τοὶ
161 2008 218 2055 εἰς
258 2007 302 2054 εἷς
340 2005 624 2058 πολυσύλλαβα
663 2004 1019 2057 κοινολεκτούμενα
1059 2003 1357 2059 παροξύνεται,
1420 2003 1491 2043 δα-

54 2073 219 2129 φνήεις,
251 2074 446 2125 κητώεις.
494 2078 535 2115 αἱ
568 2076 610 2115 δὲ
638 2075 803 2128 μετοχαί
833 2071 1062 2121 ὀξύνονται,
1104 2073 1298 2124 τυφθεὶς,
1338 2071 1487 2117 τυπείς.

52 2141 96 2183 τό
139 2143 180 2182 δὲ
215 2145 320 2189 κτεῖς
350 2141 534 2190 ὁξύτονον
565 2143 620 2189 ὥς·
648 2140 952 2193 μονοσύλλαβον
992 2142 1062 2180 καί
1091 2137 1135 2180 τὸ
1167 2140 1287 2186 κλείς.
1354 2139 1422 2177 καὶ
1452 2140 1489 2177 οἱ

52 2211 232 2251 Βοιωτοὶ
269 2207 313 2250 τό
354 2209 379 2258 ἧ
416 2211 494 2249 ταῖν
533 2211 589 2258 εἰς
628 2213 679 2259 ἧξ
709 2210 764 2256 εἰς·
796 2206 832 2248 Ξῖ
869 2208 1079 2260 τρέποντες
1119 2205 1331 2254 όξύνουσιν
1370 2202 1486 2253 αὐτὰ,

54 2276 286 2331 εὐγενεῖς
331 2275 416 2316 ἀντὶ
455 2275 640 2330 εὐγενὴς,
687 2275 836 2330 ἀγενεῖς
868 2275 953 2316 ἀντὶ
984 2274 1147 2328 ἀγενεῖς.
1210 2271 1489 2327 Corruptelae

52 2345 98 2386 in
126 2351 214 2386 tota
243 2344 391 2401 regula
420 2344 586 2386 nullum
613 2344 858 2402 vestigium.
890 2370 944 2376 —
982 2343 1206 2384 Postremo
1237 2339 1488 2389 Boeoticum

55 2411 128 2462 ὁής
165 2428 242 2469 pro
277 2413 365 2459 δαίς
402 2418 448 2452 ut
476 2418 693 2467 oxytonon
724 2412 894 2452 affertur
924 2410 974 2451 ab
1007 2408 1193 2450 Arcadio
1224 2424 1266 2465 p.
1302 2406 1410 2456 106,
1441 2406 1485 2460 9,

54 2495 188 2538 quum
216 2480 425 2521 Lesbiaea
457 2478 662 2520 dialectus
693 2478 1011 2520 circumflexum
1039 2476 1244 2533 postulet.

164 2566 355 2620 Apparet
385 2561 510 2604 etiam
542 2576 595 2602 ex
623 2561 690 2603 his
720 2561 897 2603 Arcadii
933 2560 1170 2617 praeceptis
1190 2589 1203 2611 9
1249 2574 1333 2599 uon
1365 2564 1486 2598 caute

55 2631 198 2689 egisse
228 2630 457 2672 Ernestum
490 2628 713 2681 Curtium,
745 2629 820 2686 qui
849 2629 893 2669 in
925 2626 1167 2675 Boeoficis,
1200 2641 1305 2682 quas
1336 2625 1484 2673 edidit,

54 2698 408 2755 inscriptionibus
449 2703 593 2739 nostro
626 2695 792 2752 judicio
830 2701 970 2753 spreto
1000 2693 1255 2736 Lesbiaeam
1285 2699 1485 2733 accentus

54 2766 260 2808 rationem
291 2771 498 2823 sequutus
528 2771 606 2806 est.

1152 2855 1229 2897 33*
