1779 3079
218 177 317 226 558
620 177 849 225 Addenda
886 187 931 224 et
968 179 1279 245 Corrigenda.

330 316 457 372 Pag.
496 314 576 358 108
612 314 682 356 in.
756 314 885 356 Adde
922 315 1269 371 Θαρρυπτόλεμος
1297 317 1431 360 Ther.
1463 318 1570 360 Ant.
1603 334 1669 360 nr.

219 386 273 429 16
305 394 346 428 et
379 384 672 439 Πτολέμαρχος
712 383 759 425 in
790 383 962 427 decreto
992 383 1180 427 Doricae
1210 386 1398 428 civitatis
1439 387 1493 428 ad
1523 387 1674 429 Iasen-

219 471 290 497 ses
321 454 372 495 C.
406 452 442 493 I.
484 469 549 494 nr.
583 452 709 496 2679.
772 453 879 494 Item
912 451 1117 507 Πτόλιχος
1160 469 1239 511 pro
1273 454 1455 510 Πόλιχος
1493 463 1558 497 est
1588 455 1675 497 Ae·

219 522 392 581 ginetae
422 536 581 562 nomen
611 522 801 564 Pausan.
834 521 927 574 VI,
958 522 1009 572 9,
1043 523 1063 563 1
1097 529 1139 563 et
1171 521 1405 581 Corcyraei
1436 523 1528 577 VI,
1559 524 1601 578 3,
1631 522 1671 564 5.

329 590 458 647 Pag.
494 589 575 632 ‘109
619 597 756 632 extr.
815 589 943 632 Adde
973 590 1149 643 πέργους
1180 599 1221 632 et
1249 592 1505 648 πέργουλος,
1565 606 1675 650 quac

216 658 437 701 Laconica
473 674 568 700 esse
609 675 688 717 pro
721 659 895 712 σπέργυς
935 666 977 700 et
1016 659 1240 713 σπέργυλος
1280 676 1380 702 mox
1411 660 1675 702 demonstra-

217 727 360 769 bimus
391 726 443 768 ad
477 743 519 785 p.
554 727 651 768 111.

329 795 455 853 Pag.
490 793 572 837 110
612 795 644 837 l.
676 794 718 836 7.
780 793 896 836 Male
927 809 1085 836 nomen
1123 797 1292 843 Φιλτίας
1324 803 1468 838 extare
1499 794 1675 852 negavi-

215 878 329 906 mus.
403 862 515 905 Nam
553 864 726 910 &arsag
756 862 960 918 quidem7
1002 861 1120 919 quod
1151 878 1308 904 nomen
1339 879 1428 905 non
1461 862 1677 905 diversum

216 940 306 986 est,
348 938 438 973 erat
465 931 717 973 Calactinus
750 945 804 971 ex
832 930 929 988 ipsa
960 929 1139 983 Sicilia,
1172 930 1462 972 Naxiacorum
1493 931 1678 988 scriptor

214 1000 304 1043 vid.
338 999 531 1041 Meinek.
564 998 716 1040 Anall.
750 998 909 1040 Alcxx.
949 1015 992 1056 p.
1027 998 1140 1048 352,
1204 1006 1245 1041 et
1282 998 1508 1049 Φιλτιάδης
1543 1000 1678 1040 Athe-

215 1068 387 1110 niensis
427 1074 493 1108 cst
542 1066 656 1124 apud
694 1066 1034 1108 Demosthenem
1084 1066 1131 1107 in
1171 1068 1300 1109 Lacr.
1342 1066 1384 1120 ξ.
1416 1068 1473 1110 20
1519 1083 1564 1125 p.
1594 1067 1678 1110 929

214 1136 366 1178 Reisk.
388 1165 401 1187 ,
446 1134 535 1176 vid.
568 1134 684 1176 Keil.
718 1134 870 1175 Anall.
918 1151 960 1192 p.
997 1136 1094 1177 181.
1157 1135 1324 1176 Ibidem
1355 1143 1397 1177 et
1427 1136 1543 1194 apud
1573 1135 1679 1177 Val-

215 1203 466 1246 ekenarium
496 1203 549 1244 ad
572 1203 747 1245 Phalar.
773 1203 888 1261 Epp.
921 1219 964 1260 p.
990 1203 1185 1245 XXVII.
1211 1202 1388 1246 Schacf.
1419 1205 1545 1262 plura
1576 1210 1680 1245 sunt

215 1271 406 1315 nominis
435 1272 604 1319 Φιντίας
637 1272 858 1329 exempla,
901 1279 943 1313 ct
973 1272 1087 1330 apud
1110 1271 1292 1330 Papium
1325 1272 1410 1314 alia
1441 1271 1602 1314 similia
1632 1278 1680 1312 ut

221 1342 374 1388 Φίντας
405 1339 653 1381 Messenius
697 1356 718 1381 a
749 1339 968 1381 Pausania
1010 1347 1367 1382 commemoratus
1409 1340 1486 1391 (ef.
1527 1341 1679 1388 Φίλτης

214 1409 262 1451 in
304 1423 481 1449 nummo
513 1407 626 1449 Chio
660 1406 831 1449 Mionn.
875 1408 970 1462 ΙΙΙ,
1001 1409 1133 1461 273),
1202 1409 1359 1450 Φιύτων
1404 1408 1480 1459 (cf.
1521 1408 1679 1449 Φίλτων

215 1476 332 1519 Keil.
366 1493 408 1534 p.
436 1476 542 1529 181,
586 1491 714 1533 quem
746 1476 940 1534 neglexit
971 1474 1155 1535 Papius)
1190 1484 1272 1519 ete.

328 1545 453 1601 Pag.
491 1545 568 1586 111
612 1561 686 1585 nr.
719 1544 760 1586 6.
822 1545 952 1586 Adde
982 1545 1198 1602 Hesychii
1230 1546 1403 1603 glossas

215 1614 535 1669 πέργουλον,
571 1612 819 1667 ὁρνιθάριον
851 1614 1065 1667 ἅργειλέγω
1098 1613 1295 1665 (Musur.
1322 1613 1467 1668 ''Ap-seo
1496 1613 1675 1666 λευκόν).

215 1683 469 1738 πέργουν,
512 1682 732 1734 πρέσβεις·
782 1685 820 1723 οἱ
853 1681 969 1723 αὐτοί
999 1682 1195 1734 (Musur.
1229 1682 1426 1738 πὲργεις).

334 1750 381 1791 ln
414 1749 547 1791 altera
585 1749 733 1805 glossa
771 1750 864 1807 ipse
903 1751 1126 1793 literarum
1158 1750 1264 1791 ordo
1296 1750 1422 1792 docet
1462 1766 1549 1792 non
1581 1751 1680 1805 πέρ-

214 1835 310 1871 γουν
342 1833 438 1859 cum
469 1817 653 1859 Musuro
685 1819 935 1860 tentandum
969 1835 1091 1872 0550,
1154 1819 1230 1859 sed
1270 1820 1452 1872 πρέσβυν
1485 1818 1679 1860 scriben-

216 1886 335 1927 dum.
397 1885 467 1926 En
501 1886 693 1943 glossam
722 1887 993 1943 apertissime
1024 1886 1312 1929 Laconicam!
1385 1886 1530 1939 Quum
1564 1886 1679 1928 enim

214 1954 389 2008 πέργουν
432 1954 489 1994 sit
529 1969 608 2010 pro
642 1955 816 2007 σπέργυν
848 1976 896 1992 z
929 1956 1135 2009 πρέσβυν,
1187 1962 1229 1996 et
1261 1972 1282 1995 υ
1313 1955 1358 1995 in
1391 1971 1438 1996 ου
1470 1961 1679 1995 mutatum

216 2029 259 2064 et
291 2038 315 2062 σ
346 2021 563 2076 abjectum
596 2022 703 2073 (vid.
736 2022 889 2075 §.159
923 2024 966 2070 3>
1001 2023 1232 2064 dialectum
1261 2029 1474 2077 arguuntg
1513 2020 1680 2063 accedit

216 2089 350 2131 index
381 2092 419 2130 οἱ
451 2088 599 2138 αὐτοί,
653 2090 729 2147 qui
767 2090 944 2147 saepius
985 2091 1029 2130 in
1061 2090 1221 2145 glossis
1252 2089 1486 2131 Laconicis
1516 2089 1679 2147 reperi-

218 2166 313 2207 tur,
357 2163 403 2198 ut
431 2157 477 2198 in
508 2159 714 2213 μίργωσαι
745 2164 786 2198 et
815 2158 1004 2212 ,ιιωύρκορ
1035 2157 1122 2199 vid.
1157 2161 1198 2211 ⁹3¹.
1229 2158 1279 2211 8,
1313 2160 1354 2199 3.
1387 2185 1441 2190 -
1482 2158 1533 2199 ln
1563 2157 1678 2216 prio-

218 2242 264 2268 re
297 2225 442 2284 glossa
472 2225 646 2267 Musuri
686 2225 904 2267 temeritas
937 2225 1111 2267 criticos
1151 2233 1247 2267 aute
1288 2226 1482 2268 codicem
1523 2242 1679 2268 excus-

221 2310 316 2336 sum
348 2293 394 2334 in
417 2293 559 2335 vari0s
591 2309 758 2336 errores
790 2294 992 2347 induxitg
1035 2310 1175 2352 neque
1206 2302 1346 2335 tamen
1380 2294 1519 2352 magis
1543 2293 1678 2336 Scho-

218 2361 297 2404 wii
329 2361 571 2404 emendatio
611 2362 784 2419 probari
825 2370 994 2420 potest:
1047 2361 1225 2415 Ἀργεῖοι
1256 2363 1433 2415 λέγουσι.
1495 2360 1679 2403 Veriora

221 2430 346 2471 docet
391 2429 566 2487 glossa:
631 2431 983 2484 σπέργουλος,
1046 2429 1292 2482 ὀριίίῒάριον
1336 2430 1492 2483 ἄγριον.
1580 2428 1678 2471 Jam

222 2496 462 2538 Salmasius
503 2497 556 2538 ad
587 2496 730 2539 Solin.
773 2515 815 2555 p.
850 2499 946 2540 315.
982 2498 1047 2545 B.
1104 2498 1406 2550 intellexerat,
1457 2497 1680 2550 σπέργυλος

222 2564 369 2621 (cujus
401 2566 627 2607 Aeolicam
668 2567 846 2607 sormam
887 2566 1132 2618 one'pyovmg
1173 2581 1268 2607 0550
1312 2565 1496 2622 putavit)
1545 2563 1678 2605 demi·

223 2634 421 2674 nutivum
461 2649 556 2675 esse
602 2649 624 2674 a
667 2635 841 2688 om'pyvg
874 2655 920 2670 z
954 2636 1136 2687 anavus·
1178 2642 1218 2675 ct
1250 2633 1443 2688 ejusdcm
1485 2631 1677 2673 aviculae

223 2701 582 2758 appellationem,
615 2719 726 2759 quac
757 2704 887 2759 vulgo
918 2719 939 2743 a
968 2702 1144 2743 Graccis
1177 2701 1385 2756 ιρόχιλυς,
1427 2700 1479 2741 ab
1508 2699 1678 2740 Aristo-

225 2770 308 2810 tele
340 2768 453 2810 llist.
488 2770 575 2810 Au.
611 2771 675 2811 lx
697 2803 708 2823 ‚
748 2772 791 2812 ll
834 2769 1028 2821 ρἀσιλεῦς
1059 2777 1099 2812 et
1131 2770 1336 2822 πρέσβυς,
1387 2768 1439 2809 ab
1470 2766 1570 2809 aliis
1600 2772 1678 2819 βα-
