1779 3079
1470 196 1531 222 Vll

79 319 207 364 laium
248 324 462 364 nostrum
501 316 709 363 Graecae
745 314 815 360 illi
861 316 1073 361 societati
1123 314 1411 361 clarissimae
1447 315 1527 361 ad-

78 387 393 449 scriptorum,
470 386 553 448 qui
603 400 677 429 me
727 381 961 445 hospitem
1012 383 1260 429 admittere
1309 400 1403 429 non
1448 383 1527 429 de-

77 453 260 516 dignati
298 453 537 500 doctrinae
576 450 810 514 elegantia
854 457 900 494 et
943 468 1124 495 morum
1163 450 1426 497 urbanitate
1463 452 1527 497 ita

77 529 330 584 ceperunt,
384 528 436 565 ut
474 522 612 565 horas
648 536 754 565 cum
788 516 883 562 illis
921 526 1131 580 peractas
1169 520 1292 563 inter
1324 518 1524 565 laetissi-

76 607 174 635 mas
212 590 333 634 vitae
370 586 594 648 habeam,
664 585 869 649 denique
907 587 1144 643 omnium,
1211 587 1293 648 qui
1331 586 1377 631 id
1415 588 1524 633 effc-

75 664 269 714 cerunt,
311 663 361 700 ut
397 654 561 701 mutila
600 653 789 712 dextra,
831 671 971 716 quem
1012 654 1203 698 unicum
1241 657 1525 700 tenotomiae

75 724 281 770 fructum
327 722 531 782 abstuli,
594 723 777 768 itineris
829 720 1150 768 Berolinensis
1198 720 1410 784 quotidie
1453 722 1524 767 lu-

71 791 347 837 bentissime
385 790 654 837 admonear.

207 860 363 923 Aegre
402 877 474 904 me
510 876 681 905 revoco
719 857 777 903 ad
810 874 956 920 pauca
993 856 1048 902 de
1078 874 1218 919 opere
1251 875 1352 904 meo
1389 875 1522 921 prae·

73 926 230 973 sanda.
330 928 517 972 Primus
553 925 677 972 liber
716 925 975 979 benevolos
1004 924 1194 987 judices
1232 934 1396 972 nactus
1431 934 1520 985 est,

70 994 486 1041 Schneidewinum
524 1012 677 1040 meum
716 995 765 1039 in
799 992 1201 1056 Ephemeridibus
1236 993 1521 1058 Gottingen-

69 1061 202 1107 sibus
251 1080 294 1107 a.
332 1060 477 1107 1840
531 1081 604 1107 nr.
640 1059 741 1107 152
795 1068 840 1107 et
889 1062 927 1105 Η
966 1097 975 1105 .
1013 1095 1022 1105 .
1062 1097 1071 1105 .
1104 1098 1114 1106 .
1173 1061 1410 1125 quendam
1472 1063 1520 1107 in

68 1129 466 1192 Ephemeridibus
504 1128 853 1175 Darmstadinis
898 1130 1196 1192 antiquitatis
1245 1128 1402 1175 studio
1450 1128 1519 1174 di·

68 1199 184 1244 catis
217 1215 261 1242 a.
283 1195 416 1242 1841
450 1215 522 1243 nr.
544 1194 666 1242 145.
689 1194 810 1242 146.
887 1196 1103 1257 Quorum
1138 1205 1339 1261 uterque
1372 1215 1518 1261 quum

66 1283 256 1328 operam
293 1272 500 1311 nostram
546 1266 609 1311 ita
652 1264 951 1328 probaverit,
1015 1272 1066 1310 ut
1111 1266 1158 1310 in
1203 1266 1366 1328 paucis
1413 1267 1519 1329 qui·

66 1332 263 1378 busdam
302 1333 569 1379 dissensum
613 1332 919 1397 significarit,
986 1333 1033 1377 in
1075 1332 1425 1378 Additamentis
1462 1332 1519 1378 ad

67 1399 263 1446 Librum
303 1402 513 1446 Primum
553 1401 665 1447 huic
709 1400 831 1447 libro
870 1398 1096 1463 adiectis,
1170 1401 1517 1446 admonitiones

67 1486 257 1527 corum,
322 1477 558 1533 quatenus
596 1470 753 1532 operiS
790 1470 939 1514 nostri
985 1469 1103 1515 ratio
1142 1468 1381 1532 postulare
1418 1469 1515 1514 visa

64 1545 162 1595 est,
226 1554 320 1583 non
358 1536 675 1599 negleximus.
780 1537 936 1582 Unum
970 1544 1066 1594 est,
1123 1537 1251 1600 quod
1287 1536 1376 1582 hoc
1413 1536 1516 1583 loco

65 1605 526 1650 commemorandum
566 1604 802 1650 ducimus.
908 1603 1145 1650 Omnibus
1182 1606 1305 1650 enim
1344 1605 1402 1649 iis
1435 1622 1514 1667 pa-

63 1671 344 1735 ragraphis,
407 1690 526 1735 quae
562 1672 639 1718 vel
674 1672 970 1736 singularum
1009 1671 1315 1718 dialectorum
1355 1670 1513 1717 Aeoli·

65 1757 224 1785 earum
274 1739 481 1786 indolem
531 1740 807 1786 describunt
851 1740 925 1786 vel
962 1757 1125 1786 omnes
1168 1749 1263 1786 tres
1299 1741 1346 1784 in
1386 1757 1512 1786 com—

62 1809 350 1869 parationem
405 1816 601 1865 vocant,
670 1807 717 1872 §-
753 1806 839 1853 51.
876 1805 963 1853 119.
1000 1805 1094 1864 51,
1163 1826 1329 1870 parum
1376 1809 1511 1853 satis-

61 1874 262 1921 fecimus
306 1875 505 1921 Censori
547 1876 910 1933 Darmstadino,
972 1877 1053 1939 qui
1091 1878 1319 1938 ampliore
1355 1883 1401 1921 et
1437 1893 1510 1921 ac-

60 1944 292 1989 curatiore
331 1943 649 2006 disputatione
695 1961 814 2006 opus
858 1944 1004 1989 fuisse
1050 1943 1307 1990 contendit.
1410 1943 1511 1989 Nos

64 2012 111 2055 in
151 2012 260 2056 istas
297 2011 620 2075 paragraphos
667 2029 764 2058 non
811 2012 967 2057 minus
1009 2030 1149 2058 curae
1186 2012 1508 2075 cogitationis-

61 2095 152 2141 que
199 2078 580 2142 impenderamus
629 2097 768 2143 quam
813 2081 863 2125 in
911 2080 1118 2143 reliquas
1170 2088 1214 2125 et
1263 2096 1319 2124 ne
1366 2078 1508 2125 hodie

61 2145 250 2209 quidem
302 2146 639 2211 intelligimus,
707 2165 827 2211 quae
873 2149 969 2193 sint
1023 2147 1102 2193 illa
1147 2155 1227 2193 aut
1275 2164 1384 2192 vera
1428 2155 1509 2193 aut

0 2238 1 2242 =
59 2211 350 2274 probabilia,
411 2232 532 2278 quae
577 2214 686 2261 addi
729 2217 989 2278 potuerint,
1092 2218 1257 2279 ltaque
1301 2216 1506 2277 primum

61 2281 167 2339 Te,
236 2282 309 2326 mi
354 2282 748 2343 Lachmanne,
812 2300 1072 2345 omnesque
1118 2283 1319 2329 lectores
1363 2282 1506 2328 bene-

57 2350 190 2394 volos
228 2356 417 2411 rogatos
453 2350 590 2407 volo,
661 2358 740 2409 ut,
806 2353 845 2397 si
886 2358 930 2397 et
964 2350 1043 2395 illa
1081 2359 1137 2398 et
1163 2368 1283 2415 quae
1323 2352 1372 2395 in
1414 2350 1505 2397 hoc

57 2417 180 2462 libro
218 2424 330 2461 sunt
364 2415 576 2479 ejusdem
621 2420 838 2483 generis,
909 2420 1064 2465 minus
1108 2419 1230 2465 bene
1268 2419 1505 2480 disputata

58 2501 160 2530 esse
207 2483 483 2544 videantur,
560 2503 618 2532 ne
666 2486 958 2551 diligentiam
1011 2505 1158 2533 meam
1214 2488 1263 2531 in
1316 2485 1502 2548 eulpam

56 2553 264 2610 vocetis,
330 2551 414 2598 sed
451 2561 532 2598 aut
567 2554 749 2616 ingenii
784 2556 1060 2601 tenuitatem
1106 2562 1188 2600 aut
1235 2556 1383 2615 ipsam
1430 2572 1501 2600 re·

57 2637 161 2665 rum
212 2627 514 2666 tractatarum
568 2621 773 2668 indolem
824 2631 869 2668 et
918 2630 1162 2681 naturam,
1245 2622 1498 2668 Censorem

57 2695 209 2733 autem
250 2705 333 2733 oro
378 2696 425 2734 et
466 2687 662 2734 obsecro
699 2697 775 2748 ut,
841 2707 961 2753 quae
1006 2690 1174 2735 melius
1223 2688 1315 2734 dici
1361 2707 1499 2753 posse

56 2755 171 2815 scit,
232 2754 419 2818 publice
464 2757 743 2819 privatimve
790 2759 1105 2804 communicet
1142 2774 1348 2818 mecum,
1404 2775 1500 2823 quo
