1779 3079
352 179 395 233 §.
432 172 512 222 52.
581 173 656 219 De
692 170 893 220 dialecto
930 172 1174 221 Eleorum.
1390 175 1490 224 225

40 307 271 362 habentur,
326 315 397 350 aut
434 306 635 349 omnibus
663 305 859 347 Aeolicis
897 305 1092 349 dialectis
1122 315 1164 350 et
1201 307 1330 351 simul
1360 309 1487 351 Dori-

40 391 112 417 cae
143 375 383 418 communia
413 382 533 427 sunt,
575 380 621 415 ut
650 373 885 429 digamma,
933 388 1059 431 saepe
1089 390 1112 415 a
1141 374 1362 417 Prisciano
1392 392 1488 417 cum

40 442 196 485 Latino
226 459 252 485 v
281 449 566 498 comparatum
597 440 702 491 (vid.
737 442 777 494 ξ
804 440 844 481 5.
877 447 965 481 not.
993 440 1032 481 3.
1067 440 1157 490 10.)
1188 450 1229 483 et
1256 443 1434 501 longum
1465 444 1491 484 ἆ

37 525 115 567 pro
148 510 171 559 ἧ
202 506 306 565 (vid.
340 504 379 564 §.
406 508 472 557 13,
504 508 530 548 4
561 507 613 548 (16
642 507 810 559 μᾶλοιι);
842 514 913 548 aut
940 505 1119 548 Asianis
1149 508 1362 553 Aeolibus
1393 527 1489 568 pro-

36 577 154 636 pria,
212 584 259 618 ut
297 582 494 616 accentus
536 581 740 616 retractus
781 572 838 632 (ἓ.
872 574 912 616 3.
945 579 1034 614 not.
1068 574 1157 630 ¹1.),
1212 576 1233 614 ἶ)
1264 593 1341 633 pro
1372 579 1393 619 ὅ
1427 574 1486 635 (ἓ.

40 645 107 687 12.
139 651 228 685 not.
262 643 329 684 12.
364 642 480 694 13),
513 642 540 691 ἦ
569 657 645 699 pro
674 642 711 682 Ξῖ
744 638 802 698 (ξ.
829 642 897 682 14.
930 647 1019 681 not.
1053 641 1137 692 3.),
1169 642 1309 685 dualis
1340 645 1489 688 absen-

36 712 95 753 tia
127 706 184 766 (§.
217 710 287 752 20.
320 715 409 750 not.
442 709 504 760 1.)
535 715 576 749 et
608 713 632 749 ἆ
660 716 902 765 correptum
936 708 983 748 in
1025 706 1312 751 declinatione
1343 711 1378 751 l.
1410 728 1489 768 pro

34 781 62 828 ἢ
92 773 149 833 (ξ.
181 778 251 821 20.
283 783 372 818 not.
404 776 496 829 2.);
543 782 615 817 aut
644 775 871 830 Boeotica7
916 784 961 816 ut
990 777 1030 820 οἶ)
1061 792 1139 833 pro
1170 777 1216 829 ὗ,
1248 778 1364 834 quod
1392 795 1489 821 eum

36 844 193 887 Latino
231 844 393 888 vocalis
435 859 542 886 sono
579 844 822 897 confertur,
875 843 894 882 ἶ
923 859 1001 901 pro
1041 844 1079 884 Ξῖ
1111 839 1170 900 (ξ.
1202 844 1271 886 40.
1304 852 1392 887 not.
1426 846 1489 898 4.)

34 920 76 956 ct
103 912 142 957 (ἶὲ
174 927 252 970 pro
283 913 314 965 ᾧ
344 908 402 969 (ξ.
435 910 507 964 40,
538 910 618 961 8.).

193 1112 310 1165 De
358 1109 704 1166 dialectis
748 1104 1327 1165 Pseudaeolicis

688 1273 727 1333 g.
764 1277 832 1319 52.

451 1371 532 1402 De
565 1369 780 1402 dialecto
813 1369 1065 1401 Eleorum.

143 1462 188 1513 1)
234 1459 502 1502 Paucissima
542 1459 595 1500 (10
626 1459 832 1501 Eleorum
874 1458 1056 1501 dialecto
1096 1460 1149 1501 al)
1188 1459 1378 1517 antiquis
1408 1469 1489 1502 tra-

34 1530 217 1580 duntur,
251 1529 412 1587 quibus
443 1526 635 1568 addenda
667 1534 767 1568 sunt
795 1527 1027 1581 nonnulla,
1059 1542 1167 1584 quae
1199 1527 1249 1568 de
1270 1527 1490 1569 Eretrien-

34 1596 146 1638 sium
193 1603 234 1636 et
277 1595 457 1636 aliorum
499 1594 700 1636 Euboeae
745 1594 983 1636 incolarum
1036 1594 1184 1651 lingua
1226 1595 1488 1647 referuntur,

33 1663 136 1720 quia
165 1662 440 1707 Eretrienses
473 1676 567 1702 cum
608 1661 776 1703 colonis
806 1661 928 1703 Ele’i's
969 1660 1179 1702 nonnulla
1219 1661 1370 1703 horum
1401 1662 1490 1703 dia-

34 1731 146 1772 lecto
174 1728 347 1786 propria
377 1735 628 1785 acceperant
657 1728 761 1778 (vid.
794 1737 884 1769 not.
914 1729 1003 1780 3.)‚
1057 1727 1144 1769 nisi
1174 1729 1283 1770 forte
1314 1745 1366 1770 cx
1396 1729 1491 1786 ipsa

34 1796 206 1839 dialecti
246 1795 531 1837 similitudine
563 1796 744 1852 quadam
785 1794 930 1851 opinio
972 1795 1024 1836 (16
1055 1794 1262 1838 ΕΙ6οι-11111
1303 1796 1488 1846 colonia,

33 1871 219 1906 ceterum
265 1879 352 1904 non
397 1862 520 1904 valde
563 1861 828 1919 probabilis,
888 1869 985 1903 nata
1031 1870 1110 1904 est.
1198 1863 1391 1904 Plurima
1437 1864 1490 1905 de

31 1932 238 1974 Eleorum
265 1930 415 1986 lingua
447 1929 652 1970 discimus
683 1945 735 1970 ex
766 1928 941 1985 antiquo
971 1929 1177 1971 Eleorum
1208 1937 1249 1971 et
1272 1930 1488 1973 Hei-acen-

32 1999 143 2041 sium
172 1996 391 2039 Arcadum
421 1997 595 2038 foedere
625 1996 675 2037 C.
708 1997 745 2037 Ι.
777 2012 843 2036 nr.
880 1997 927 2037 ll
948 2030 961 2046 ,
995 1998 1140 2054 quod,
1172 1998 1391 2039 Boeclihio
1415 1999 1488 2052 ju-

31 2067 150 2117 dice,
204 2065 316 2106 inter
347 2064 420 2105 Ol.
453 2064 508 2106 40
536 2072 577 2106 et
608 2064 680 2105 Ol.
714 2064 768 2106 (30
798 2070 1014 2104 exaratum
1048 2064 1350 2120 antiquissimo
1384 2065 1491 2105 scri-

28 2140 176 2191 pturae
208 2147 363 2189 genere
394 2130 541 2172 utitur.
602 2130 754 2187 Neque
779 2130 873 2185 ejus
896 2130 1126 2172 dialectum
1153 2132 1486 2184 Heraeensiuni,

31 2201 106 2242 sed
135 2200 342 2241 Eleorum
384 2214 503 2248 csse,
560 2206 601 2240 et
645 2198 746 2238 inde
786 2197 1010 2255 probabile
1050 2206 1136 2252 est,
1193 2199 1307 2256 quod
1339 2199 1488 2256 Olym-

27 2267 122 2324 piae
149 2266 261 2324 lapis
293 2266 528 2307 collocatus
559 2271 675 2317 erat,
722 2272 763 2306 et
793 2280 845 2305 ex
873 2265 967 2322 ipsa
998 2265 1173 2324 linguae
1204 2267 1368 2308 ratione
1400 2267 1488 2308 elu-

29 2339 121 2389 cet,
176 2349 309 2390 quae,
363 2332 478 2389 quod
507 2333 712 2374 Eleorum
742 2332 880 2373 fuisse
912 2332 1097 2386 scimus,
1147 2333 1170 2372 t}
1198 2333 1325 2374 finale
1353 2333 1489 2374 inter-

28 2400 126 2443 dum
169 2408 304 2442 mutat
342 2399 388 2440 in
429 2398 468 2454 ᾗ.
543 2399 641 2452 Quo
683 2398 729 2439 in
771 2407 1046 2441 monumento
1088 2399 1256 2457 insigni
1299 2399 1488 2456 legendo

30 2483 159 2526 quum
191 2485 215 2510 a
243 2467 461 2510 Bocchhio
491 2467 720 2524 aliquoties
750 2466 878 2508 uobis
911 2467 1217 2510 discedendum
1247 2474 1384 2516 essct,
1442 2466 1488 2508 in

28 2634 172 2677 multis,
213 2633 305 2667 adeo
342 2633 380 2667 in
415 2632 605 2677 plerisque
642 2632 693 2668 ait
718 2633 853 2668 Aeoles
879 2642 1052 2677 sequutos
1077 2643 1169 2667 esse.
1227 2631 1392 2665 Maxime
1417 2631 1485 2665 mi-

30 2701 108 2724 rum
134 2697 218 2734 est‚·
247 2690 346 2734 quod
373 2690 529 2723 Romani
554 2690 612 2724 vel
637 2691 722 2725 Itali
747 2692 839 2725 adeo
866 2693 1021 2725 Aeolum
1047 2689 1168 2724 coloni
1195 2700 1274 2723 esse
1299 2689 1484 2732 dicuntur,

29 2746 124 2782 haud
150 2748 262 2783 dubie
287 2754 441 2794 propter
465 2747 579 2783 solam
603 2747 752 2792 linguae
776 2748 1066 2784 similitudinem.
1094 2746 1169 2781 vid.
1196 2747 1292 2789 §.2st
1319 2755 1392 2782 not.
1410 2750 1482 2784 1.2.

1158 2810 1210 2851 15
