1779 3079
209 157 273 206 10
564 154 565 158 ’
671 156 712 215 §.
750 157 796 202 2.
869 155 943 202 De
975 153 1206 203 fontibus.

377 291 622 347 Argivae
662 288 967 347 inscriptiones
997 289 1320 347 antiquissimae
1352 289 1404 332 C.
1437 289 1474 332 I.
1513 307 1580 334 nr.
1613 293 1657 334 2.
1706 282 1719 297 ‘

208 362 278 404 14.
315 360 381 402 18.
417 359 468 400 19
499 365 583 398 tam
613 357 799 399 incertae
828 356 1055 411 lectionis,
1099 363 1147 398 ut
1183 357 1256 400 vix
1296 357 1527 416 quidquam
1569 360 1658 401 fru-

210 436 304 469 ctus
334 426 434 467 inde
465 425 698 480 redundet,
731 441 797 465 nr.
822 426 877 468 29
903 425 1128 482 inscriptio
1150 425 1323 482 galeae,
1353 441 1479 483 quam
1494 425 1658 468 Boeck-

208 496 307 537 hius
339 493 587 548 conjectura
614 492 821 549 Argivam
851 493 982 547 fecit,
1025 509 1094 536 nr.
1127 494 1179 534 17
1209 500 1250 535 et
1278 494 1516 535 accuratius
1545 494 1660 551 apud

207 563 338 603 Ross.
387 578 454 602 nr.
489 561 567 615 55,
625 561 738 601 unde
777 576 919 601 veram
960 561 1189 601 lectionem
1228 561 1340 603 cruit
1368 560 1581 602 Miillerus
1611 561 1658 602 in

206 630 389 687 Ephcm.
442 628 557 669 Gott.
593 629 701 670 ’1830
731 643 775 684 p.
809 628 944 682 1152,
989 628 1250 685 epigramma
1278 628 1517 670 metricum.
1574 627 1660 670 His

204 697 370 751 tituiis,
420 695 494 753 qui
538 695 711 751 antiqua
741 695 951 751 scriptura
983 703 1186 750 utuntur,
1232 695 1366 736 multo
1396 695 1659 737 recentiores

203 772 306 805 suut
336 780 402 805 nr.
436 764 542 805 1119
573 763 728 804 misere
757 761 978 803 mutilatus
1015 770 1058 804 ct
1086 780 1153 805 nr.
1188 763 1323 817 1120,
1370 763 1658 819 fragmentum

203 831 400 888 catalogi.

373 897 840 939 Hermionenses:
896 913 963 937 nr.
998 897 1122 938 1194.
1166 896 1272 938 1195
1316 896 1513 953 antiquae
1554 896 1659 938 scri-

201 974 379 1024 pturae,
419 982 486 1006 nr.
520 965 628 1006 1103
657 964 802 1021 paullo
832 964 1005 1021 longior
1034 964 1109 1005 sed
1138 963 1260 1005 valde
1291 969 1546 1019 corruptus,
1586 979 1654 1005 nr.

205 1035 327 1076 1197.
366 1033 486 1074 1200.
532 1032 639 1074 1205
680 1047 913 1089 paucorum
954 1031 1208 1085 verborum,
1254 1046 1320 1070 nr.
1356 1030 1655 1073 1207—1211

204 1100 386 1156 catalogi
416 1100 606 1141 virorum
636 1106 677 1141 ct
707 1100 935 1141 mulierum
963 1099 1072 1140 male
1100 1097 1264 1151 habiti,
1305 1097 1380 1155 qui
1407 1113 1539 1155 quum
1569 1099 1657 1140 Ro-

203 1167 340 1210 manis
372 1168 617 1208 nominibus
645 1174 814 1208 careant
845 1171 958 1217 (nam
980 1181 1240 1224 praenomen
1263 1167 1334 1206 Αἰ.
1370 1164 1413 1205 in
1436 1181 1503 1206 nr.
1531 1167 1655 1220 1211,

202 1237 257 1280 25
288 1235 466 1276 dubium
495 1235 698 1289 videtur),
729 1241 825 1276 ante
857 1242 1047 1276 nostram
1077 1249 1217 1275 aeram
1247 1232 1396 1291 scripti
1421 1232 1656 1275 existimari

203 1310 402 1361 possunt.

373 1370 802 1412 Calaureatieus
832 1386 897 1412 nr.
931 1370 1040 1413 1188
1069 1367 1211 1410 brevis
1240 1369 1354 1411 inter
1384 1368 1455 1410 Ol.
1491 1367 1599 1419 145,
1628 1368 1656 1410 4

203 1446 246 1482 ct
277 1438 385 1492 155,
418 1440 442 1480 3
474 1438 674 1495 scriptus.

371 1507 723 1548 Troezenius
754 1522 821 1547 nr.
855 1506 963 1547 1183
994 1520 1227 1562 paucorum
1257 1505 1500 1546 verborum.

371 1573 673 1632 Epidaurii
712 1590 779 1614 ur.
814 1575 936 1615 1172.
972 1574 1094 1615 1177.
1130 1573 1252 1615 1178.
1286 1574 1392 1615 1170
1420 1573 1558 1615 bonae
1588 1588 1655 1615 ae-

204 1643 303 1685 tatis
332 1643 406 1684 sed
436 1641 695 1700 paucissima
725 1641 853 1682 verba
884 1642 1150 1682 exhibentes.

371 1709 737 1767 Aeginetici:
783 1726 847 1752 nr.
879 1709 990 1750 2138
1031 1709 1230 1766 antiquae
1274 1708 1535 1766 scripturae,
1580 1723 1650 1751 nr.

201 1779 313 1822 2140
345 1777 466 1818 valde
498 1785 723 1834 corruptus
755 1784 797 1818 ct
825 1777 964 1830 lacer,
997 1792 1032 1817 a.
1067 1793 1110 1818 u.
1135 1794 1173 1819 c.
1196 1778 1419 1820 671-072
1448 1775 1650 1832 scriptus,

203 1863 269 1888 nr.
301 1847 436 1899 2140,
469 1846 495 1886 b
524 1845 682 1886 brevis.

371 1912 664 1953 Phliasius
705 1929 770 1953 nr.
804 1912 859 1953 37
888 1911 1210 1968 antiquissimus
1241 1927 1472 1969 paucorum
1500 1910 1650 1952 verbo-

202 1997 298 2023 rum
328 1988 369 2020 ct
399 1979 550 2020 similis
582 1980 695 2036 apud
725 1980 852 2020 Ross.
887 1979 939 2020 It.
972 1979 1123 2035 Pelop.
1159 1980 1177 2020 I
1210 1996 1252 2036 p.
1285 1980 1353 2020 31.

373 2047 682 2087 Cleonacus
723 2046 778 2099 (si
819 2047 989 2103 quidem
1021 2046 1263 2087 Bocchhius
1303 2052 1416 2087 recte
1446 2044 1650 2100 conjecit)

203 2115 388 2158 Athenis
430 2114 662 2155 collocatus
703 2130 768 2154 nr.
805 2114 883 2156 100
923 2114 1120 2171 antiquae
1157 2115 1420 2172 scripturae,
1465 2113 1650 2154 militum

203 2184 500 2225 defunctorum
533 2183 766 2237 catalogus.

370 2250 682 2306 Megaricus
714 2266 778 2289 nr.
815 2249 945 2295 1052.
987 2257 1084 2306 post
1113 2247 1325 2289 conditam
1354 2247 1649 2307 Megalopolin

203 2326 298 2361 ante
329 2319 619 2360 Romanorum
651 2316 981 2357 dominationem
1014 2317 1215 2373 scriptus.

316 2388 360 2438 4)
419 2386 490 2428 Ad
527 2384 748 2425 Graeciam
797 2393 945 2425 extra
985 2385 1246 2425 Isthmum
1295 2383 1418 2425 sitam
1454 2384 1648 2442 (excepta

201 2454 441 2511 Blcgaritlc)
472 2453 515 2494 hi
547 2452 656 2492 tituli
688 2452 925 2508 pertinent:

374 2521 634 2563 Crisaeus
666 2519 989 2575 antiquissimus
1021 2519 1072 2559 C.
1106 2520 1140 2560 I.
1174 2537 1240 2560 nr.
1277 2520 1322 2572 1,
1357 2535 1483 2576 quem
1514 2518 1647 2560 multo

205 2590 441 2632 accuratius
482 2587 708 2645 descripsit
748 2587 920 2628 Ulrichs
961 2587 1003 2627 in
1045 2587 1203 2629 ltincrc
1243 2586 1407 2629 Graeco
1440 2587 1458 2627 I
1498 2601 1541 2642 p.
1573 2586 1644 2639 31,

204 2674 445 2715 quanquam
478 2657 603 2697 ctiam
634 2671 746 2697 nunc
778 2654 920 2711 paullo
951 2655 1129 2696 certiora
1160 2672 1243 2695 non
1275 2662 1374 2695 snut
1406 2653 1489 2694 nisi
1518 2654 1642 2694 hacce

205 2725 291 2779 ἔχοι.
321 2726 471 2772 κ)..’-’]”ος
504 2724 678 2765 ἅῑιθιτον
709 2724 835 2763 «ll-lei.
878 2745 929 2752 —-
1000 2722 1311 2780 Delphicus
1343 2721 1490 2762 titulus
1523 2720 1574 2761 C.
1608 2720 1641 2761 l.

1716 2615 1737 2654 '⁹'-
1711 2172 1746 2602 ⁸ss²ssssl⁴m:ae-es.n
1725 2107 1746 2155 a*
1729 2017 1750 2091 ,mx-0
