1779 3079
71 189 113 250 §.
134 192 212 239 11.
246 193 319 240 De
342 214 368 241 σ
396 192 444 239 in
471 196 495 248 ξ
518 202 597 241 aut
621 206 878 240 consonam
909 189 1167 251 palatinam
1197 197 1394 236 mutato.
1441 185 1506 235 93

70 323 289 380 Hcsyeh.;
328 326 730 379 προμυθίκτρια
769 322 1001 363 seeundum
1031 321 1144 362 Pon.
1179 320 1269 374 111,
1301 321 1355 361 32
1386 318 1506 360 Sicu-

67 391 206 432 lorum
227 392 452 449 appellatio
481 393 559 450 pro
587 390 873 444 προμνήστρια
904 405 926 429 a
947 390 1128 441 μυθίζως,
1159 389 1506 441 τρηματίκται

69 459 303 499 secuudum
344 460 455 500 Poll.
499 459 590 506 IX.
621 457 675 500 96
716 459 931 514 (corrupte
969 455 1158 510 Hesyeh‘.
1201 456 1507 509 τρημαστίκται,

70 526 265 567 Eustath.
311 527 444 579 1084,
477 527 501 567 5
544 532 585 566 et
624 524 748 577 1397,
780 525 834 566 22
867 524 1123 577 τρηματίται)
1164 521 1323 561 Dorica
1361 537 1443 563 vox
1485 537 1507 562 a

69 594 200 634 verbo
229 595 480 645 τρηματίζω,
514 608 600 649 quo
630 592 828 649 Sophron
860 607 962 632 usus
993 597 1058 631 cst
1086 590 1138 630 sr.
1171 590 1240 631 99.

184 662 227 713 5)
288 661 446 701 Contra
476 660 519 700 iu
551 660 748 701 omnihus
779 658 913 700 titulis
942 657 1154 699 variorum
1178 655 1354 696 Doridis
1382 672 1510 711 gene-

71 743 166 769 rum
195 735 237 768 et
265 727 577 783 antiquioribus
608 735 649 768 et
678 726 988 768 recentioribus
1026 724 1136 765 nihil
1165 723 1375 778 ejusmodi
1403 724 1512 781 legi-

69 802 161 843 tur,
208 795 284 836 sed
313 802 557 836 constanter
589 812 612 834 σ
643 801 857 848 servatur,
905 792 1046 850 qualia
1076 798 1176 832 suut
1203 790 1247 831 iu
1280 791 1393 833 tabl).
1425 793 1510 835 He·

68 862 174 903 rael.
207 861 519 903 καὸδεδικάσθω
548 863 596 915 l,
630 863 735 915 1⁸23,
759 862 1060 902 κατεδίκασθεν
1090 860 1139 912 I,
1169 859 1238 900 74.
1272 858 1341 900 95.
1375 873 1512 914 ψαφι-

72 931 172 970 cmv
201 930 248 980 Ι,
279 929 332 971 63
351 961 362 983 ‚
407 929 570 984 ὁριεῖταί
598 945 751 986 sacpe3
806 928 965 984 Amph.
1002 927 1108 969 1688
1137 928 1507 979 καταδικασθέντα,

70 995 197 1037 Core.
233 997 340 1040 1838
382 998 590 1051 δικασταί,
650 997 784 1038 Ther.
825 997 935 1039 2448
972 994 1228 1046 νενόμισμαι,
1286 993 1370 1035 155.’
1402 995 1512 1038 1834

70 1065 272 1117 λογισταί,
319 1064 460 1104 Rhod.
495 1065 630 1117 2525,
659 1064 686 1105 b
719 1061 1037 1118 ἀρχεθανιστάς,
1075 1063 1319 1115 Ἀλιασταί,
1359 1067 1511 1104 Διονυ-

71 1133 257 1177 maarai,
304 1133 506 1184 λογισταί,
548 1131 771 1184 ψάᾳισμα,
818 1129 914 1171 Gel.
951 1130 1130 1181 ἇλιάσμα
1160 1137 1241 1170 ete.
1312 1127 1510 1183 Nec>mi—

68 1213 150 1239 nus
181 1197 426 1255 Epicharmi
455 1198 598 1239 fabula
630 1198 835 1255 iuscripta
864 1203 953 1238 erat
981 1198 1210 1248 Κωμασταί
1237 1203 1279 1237 et
1307 1196 1512 1254 leg-untur

67 1265 181 1322 apud
218 1265 400 1306 cundem
438 1266 491 1307 fr.
526 1267 579 1308 37
622 1265 843 1320 ἀχάριστος
883 1272 924 1306 et
952 1265 1007 1307 97
1046 1263 1302 1316 θαυμαστός.
1372 1265 1509 1322 Magi-

68 1338 224 1373 stratus
264 1332 568 1390 Spartanorum
610 1333 739 1374 sociis
779 1332 982 1390 praefecti
1022 1339 1266 1373 constanter
1307 1333 1513 1385 ἁρμοσταί

66 1406 274 1442 vocantur
310 1408 352 1441 et
388 1401 500 1458 apud
528 1401 787 1442 Tarentinos
826 1390 1061 1442 secundum
1091 1399 1356 1456 Hesychium
1392 1408 1512 1443 erant

67 1470 372 1521 βειλαρμοσταί.
445 1469 570 1510 Adeo
610 1468 808 1519 λαπιστής
845 1483 941 1509 cum
974 1484 999 1508 σ
1027 1467 1236 1510 Doricum
1265 1483 1382 1519 esse,
1424 1483 1511 1510 non

69 1535 267 1584 λαπικτής
296 1536 454 1577 diserto
483 1536 727 1577 testimonio
758 1537 986 1577 affirmatur
1005 1538 1056 1586 ⁵).

182 1601 295 1643 Satis
328 1618 541 1660 superque
570 1603 670 1645 hinc
701 1610 900 1661 apparet,
947 1603 1162 1659 antiquam
1202 1610 1246 1643 et
1279 1602 1529 1658 genuinam·

68 1668 303 1721 Doridem3
364 1670 528 1711 etiamsi
557 1671 782 1712 verborum
820 1670 865 1711 in
902 1671 944 1714 Ξῖ)
983 1669 1167 1711 derivata
1198 1685 1271 1723 ea,
1331 1685 1512 1726 quorum

68 1736 388 1778 terminationes
430 1754 451 1778 a
493 1755 516 1777 σ
545 1738 796 1790 ordiuntur,
850 1737 1016 1778 literam
1056 1740 1076 1785 ξ
1115 1736 1323 1777 asciscere
1364 1737 1510 1792 vellet,

67 1803 349 1844 nihilominus
380 1804 423 1844 in
454 1805 634 1862 reliquis
664 1807 881 1861 vulgarem
912 1805 1117 1845 rationem
1147 1820 1365 1852 servasse,
1396 1804 1510 1846 solos

67 1870 263 1913 Lacones
294 1877 335 1912 et
365 1871 534 1913 Siculos
565 1873 828 1929 Doridisque
857 1872 1088 1913 imitatores
1114 1871 1286 1912 illorum
1317 1871 1512 1928 analogia

67 1938 113 1980 in
143 1953 328 1979 errorem
360 1939 557 1981 inductos
597 1940 722 1981 etiam
762 1940 854 1993 his,
916 1939 1035 1981 nulla
1075 1945 1214 1980 tamen
1255 1940 1511 1993 constantia,

67 2005 297 2062 palatinam
326 2006 370 2046 in
402 2007 570 2063 plcbeja
609 2007 907 2064 potissimum,
954 2007 991 2048 si
1030 2006 1132 2064 quid
1172 2005 1322 2060 video,
1369 2007 1511 2050 elocu-

67 2072 183 2114 tione
223 2072 483 2127 obtrusisse3
539 2074 710 2116 Siculae
758 2080 871 2116 certe
919 2073 1014 2128 ejus
1054 2073 1225 2130 generis
1264 2089 1392 2116 voces
1433 2074 1511 2117 So-

66 2139 245 2197 phronis
275 2147 317 2180 et
339 2140 612 2182 Comicorum
642 2150 754 2183 sunt.
820 2141 1031 2183 Pindarus
1060 2141 1159 2182 talia
1188 2141 1362 2182 omnino
1391 2142 1512 2198 igno-

67 2212 133 2247 rat
161 2214 203 2247 ct
232 2205 485 2260 ἀτάρβακτος
516 2209 567 2250 Ρ.
601 2209 683 2262 IV,
712 2210 767 2251 84
797 2209 922 2250 etiam
952 2209 1033 2250 hoc
1061 2208 1234 2250 nominc
1265 2215 1511 2266 suspectum

67 2273 213 2314 multis
242 2273 337 2314 aliis
365 2273 536 2316 indiciis
566 2276 867 2318 accedentibus
905 2276 949 2317 in
982 2275 1234 2331 ἀτάρμυκτος
1263 2276 1510 2317 mutandum

68 2348 147 2381 est.
223 2339 422 2382 Ceterum
461 2342 660 2384 nolumus
695 2343 883 2384 Philolai
924 2342 1140 2398 ἁρμόχθην
1171 2343 1284 2384 inter
1311 2342 1510 2384 Pseudo-

68 2407 435 2464 Pythagoreorum
465 2418 699 2452 commenta
738 2412 914 2452 referre.
983 2410 1093 2452 Nam
1132 2411 1178 2452 in
1217 2412 1298 2452 hoc
1338 2409 1509 2467 quidem

113 2585 149 2624 5)
197 2584 307 2619 Phot.
332 2586 424 2619 Lex.
451 2585 637 2631 λαπήττειιν
671 2587 757 2631 (leg.
785 2589 974 2632 λαπίττειν)
1007 2588 1046 2622 τὸ
1081 2587 1274 2629 ψεύδεσθαι
1300 2587 1356 2620 καὶ
1379 2585 1508 2621 ἀλαζο-

67 2639 228 2675 νεύεσθαι
252 2643 308 2676 καὶ
332 2642 508 2687 λαπηκτὴς
545 2644 632 2687 (leg.
658 2645 839 2690 λαπικτὴς)
862 2644 880 2679 ὅ
904 2646 1050 2691 ψευστὴς
1075 2646 1132 2680 διὰ
1157 2648 1221 2680 τοῦ
1237 2646 1265 2678 a?
1295 2642 1337 2682 ὡς
1360 2646 1506 2688 σαλπιγ-

69 2696 172 2741 κτής,
208 2700 385 2746 συριγκτής
417 2701 506 2744 (leg.
534 2701 743 2746 σαλπικτής,
780 2703 975 2750 συρικτής)·
1010 2703 1042 2738 οἱ
1065 2706 1100 2738 δὲ
1125 2704 1265 2749 Δωριεῖς
1292 2701 1353 2736 &ui
1383 2705 1445 2739 τοῦ
1469 2714 1503 2736 σ·

71 2755 262 2800 laudunis-v
284 2759 344 2791 καὶ
367 2756 544 2798 λαμπίἵειν
570 2759 623 2799 (2).
