1779 3079
131 205 171 265 §.
195 203 270 253 17.
307 206 381 253 De
407 205 512 254 aliis
534 204 759 254 brevium
787 204 1029 253 vocalium
1063 205 1421 253 mutationibus.
1480 206 1573 255 123

131 341 352 396 Κέρκυρα,
399 342 637 400 appellasse
675 339 928 394 Κόρκυρα
972 347 1012 381 et
1049 341 1164 382 tituli
1202 342 1324 384 multi
1354 342 1508 384 docent
1537 348 1579 383 ct

132 409 321 464 nummi,
352 410 437 452 vid.
469 409 636 451 Mionn.
671 407 826 464 Suppl.
860 407 924 448 III
955 424 998 465 p.
1022 409 1118 450 428.

247 478 290 530 5)
346 477 528 519 Temere
569 476 620 517 ab
663 474 884 516 Eustathio
930 492 943 515 ι
983 490 1060 533 pro
1098 492 1120 514 υ
1158 476 1365 518 Doricum
1404 477 1577 531 dicitur,

134 544 221 587 vid.
254 544 347 586 L.1
377 547 417 599 ξ.
443 546 494 585 12
523 550 612 584 not.
641 544 706 585 10.
779 542 931 599 Neque
962 543 1076 583 enim
1107 542 1352 600 incorrupta
1380 545 1580 587 videntur

136 615 394 666 αἰσιμνῶντες
418 627 497 669 pro
531 613 797 662 αἰσυμνῶντες
828 610 872 650 in
903 610 1028 651 titulo
1061 610 1350 652 Chalcedonio
1387 621 1428 653 et
1459 616 1582 664 ‹102ng

135 696 214 739 pro
245 682 372 733 φυλᾶς
416 684 480 729 (ut
517 678 668 735 longas
697 678 865 720 vocales
893 677 963 719 hie
994 693 1323 720 commemorare
1354 679 1496 727 liceat)
1535 680 1581 721 in

133 747 438 804 Agrigentino.
467 750 473 759 ⁴
499 746 838 788 Incertissimum
867 753 932 787 est
962 763 984 786 υ
1013 761 1091 803 pro
1121 763 1159 795 ι,
1192 747 1308 804 quod
1338 747 1581 789 Boeclthius

132 814 376 868 existimat,
420 815 608 872 positum
651 814 695 855 in
736 813 984 867 “Υππάγρα,
1034 815 1248 854 ‘Tanusia
1291 814 1407 856 Cret.
1452 815 1580 868 2554,

132 882 229 925 106.
264 882 362 936 127,
395 898 474 924 nce
503 882 645 923 minus
676 882 722 922 in
749 880 976 936 Ἀρτάμυτι
1006 881 1132 939 Epid.
1169 882 1290 923 1172.

245 967 267 990 υ
295 966 389 1007 pro
422 968 442 992 ο
473 957 538 991 est
567 950 612 990 in
645 950 796 1003 ὅνυμα,
827 949 943 1007 quod
966 965 1096 1006 quum
1117 949 1289 990 Lesbiis
1313 948 1583 1006 potissimum

133 1017 335 1060 usitatum
366 1018 447 1071 sit,
478 1018 638 1074 legitur
667 1017 791 1059 etiam
821 1017 865 1058 in
887 1017 1032 1058 Aetol.
1055 1018 1163 1059 1756
1191 1024 1233 1058 et
1252 1017 1405 1074 Epich.
1438 1018 1492 1059 fr.
1510 1017 1583 1071 27,

132 1086 281 1139 (ὄνομα
312 1101 438 1143 saepe
467 1085 514 1126 in
552 1085 688 1126 titulis
726 1085 1055 1134 recentioribus)
1096 1101 1231 1142 eoque
1271 1085 1406 1140 magis
1446 1101 1468 1127 e
1510 1100 1587 1142 ge-

133 1153 266 1194 nuina
298 1152 462 1195 Doride
492 1153 673 1211 petitum
702 1153 886 1206 videtur,
919 1152 1034 1209 quod
1077 1152 1202 1193 etiam
1244 1152 1435 1193 Corinna
1471 1153 1526 1194 fr.
1559 1153 1587 1194 4

135 1220 344 1274 ὀνουμήνω
375 1221 482 1262 dixit
522 1220 552 1262 i.
585 1236 623 1262 c.
656 1219 880 1273 (intuendum,
926 1236 1006 1262 nee
1036 1220 1179 1261 minus
1210 1220 1426 1261 Pindarus
1459 1219 1587 1273 ὅνυμα

134 1295 177 1331 et
206 1287 413 1341 ὀνυμάζω,
447 1304 689 1345 quanquam
721 1297 762 1330 et
790 1289 860 1331 hie
891 1297 932 1330 et
957 1288 1109 1329 Boeoti
1140 1288 1183 1328 in
1204 1287 1385 1344 reliquis
1406 1288 1586 1329 Lesbia-

133 1373 227 1399 eam
255 1373 279 1397 v
309 1372 387 1414 pro
420 1373 440 1397 o
472 1356 685 1412 ignorant.
738 1357 856 1398 Idem
874 1358 1244 1413 Pythagoreorum
1274 1372 1377 1396 usus
1408 1356 1584 1397 indicat.

243 1424 366 1466 Mero
394 1439 537 1465 errore
560 1425 714 1466 factum
737 1432 815 1477 est,
849 1430 895 1464 ut
916 1424 1075 1478 σι’·ρκες,
1108 1424 1223 1481 quod
1246 1430 1310 1465 est
1331 1424 1588 1465 Lcsbiacum

134 1508 213 1551 pro
237 1491 386 1545 σάρκες
406 1491 490 1532 vid.
507 1492 594 1534 L.I
616 1493 657 1546 ξ.
680 1494 747 1546 12,
766 1494 808 1546 3,
839 1492 1049 1534 Doricum
1065 1493 1230 1534 dicatur
1247 1492 1314 1532 Et.
1329 1491 1586 1545 Μ.708,31.

246 1559 291 1612 6)
348 1559 525 1600 Vocalis
557 1575 573 1599 ε
603 1559 763 1600 inserta
793 1567 881 1615 est,
936 1560 973 1601 si
1013 1569 1180 1618 spectas
1210 1560 1429 1615 vulgarem
1460 1560 1587 1602 ratio-

136 1643 262 1680 nem,
307 1626 353 1667 in
395 1628 636 1679 δένδρεον
680 1627 853 1668 Heracl.
900 1634 942 1668 ct
973 1628 1088 1668 Cret.
1122 1628 1259 1681 2555,
1308 1627 1586 1681 ἀδελφεός,

136 1694 252 1751 quod
279 1700 414 1735 metro
444 1700 624 1749 cogente
654 1694 896 1735 restitutum
926 1702 990 1736 cst
1012 1695 1164 1752 Epich.
1191 1697 1242 1749 3,
1276 1695 1400 1736 ὤεον
1430 1694 1585 1751 Epich.

138 1762 246 1816 103,
291 1777 400 1819 quae
433 1769 534 1802 sunt
562 1762 704 1803 omnia
733 1762 889 1803 Doridi
917 1779 1004 1804 non
1034 1762 1237 1820 propria,
1283 1763 1356 1803 sed
1387 1762 1512 1804 ctiam
1542 1763 1587 1804 in

136 1829 232 1871 aliis
263 1829 454 1870 dialectis
486 1845 537 1869 ex
579 1829 830 1886 antiquitate
868 1837 1046 1871 retenta.
1119 1831 1238 1872 Inter
1275 1846 1484 1872 consonas
1526 1831 1589 1872 in-

137 1903 298 1938 sertum
337 1903 410 1937 aut
444 1896 588 1953 potius
628 1904 840 1939 retentum
881 1915 897 1939 ε
941 1899 1097 1939 habent
1126 1900 1394 1953 πέλεθρον
1424 1898 1586 1956 Amph.

138 1965 273 2018 1688,
307 1965 488 2016 πέλεθρα
530 1971 571 2005 et
611 1967 925 2018 τετραπελεθριά
957 1965 1134 2023 Corcyr.
1169 1967 1278 2009 1840
1308 1966 1402 2011 (sed
1432 1965 1478 2007 in
1508 1967 1589 2009 hoc

137 2032 286 2074 codem
327 2031 453 2072 titulo
495 2033 680 2086 πλέθρα,
726 2035 1022 2087 τετραπλεθριά
1062 2042 1104 2074 et
1149 2036 1400 2088 διπλεθριά).
1479 2034 1589 2075 Item

137 2099 296 2141 vocalis
340 2099 479 2140 addita
520 2100 688 2142 videtur
730 2101 775 2141 in
820 2100 1068 2156 τορόνος,
1115 2102 1283 2154 τόρνος·
1338 2103 1588 2153 Ταραντῖνοι

139 2166 329 2222 Hesyeh.
401 2166 673 2209 Cretensium
716 2168 1014 2224 magistratus,
1060 2169 1134 2225 qui
1164 2169 1293 2225 vulgo
1324 2168 1489 2220 Κόσμοι
1517 2185 1588 2211 vo·

140 2241 291 2274 eantur
318 2249 458 2290 neque
488 2235 612 2276 aliter
640 2236 685 2276 in
715 2236 851 2277 titulis
874 2236 1057 2278 Creticis
1089 2252 1154 2276 nr.
1173 2236 1297 2277 2554.
1316 2235 1441 2277 2556.
1461 2237 1585 2279 3048.

139 2300 265 2343 3049.
307 2300 431 2342 3053.
486 2303 542 2342 A.
584 2302 635 2343 B.
679 2303 802 2345 3054.
848 2304 971 2345 3055.
1014 2303 1139 2345 3056.
1174 2302 1307 2354 3058,
1351 2302 1589 2354 Κόσμιοι

140 2367 411 2426 appellantur
438 2368 482 2408 in
513 2385 579 2409 nr.
602 2370 725 2411 3047.
758 2371 882 2412 3050.
917 2372 1041 2413 3051.
1074 2370 1198 2412 3052.
1231 2370 1340 2411 3057
1370 2377 1412 2410 et
1441 2369 1485 2411 in
1515 2387 1587 2412 an—

139 2435 397 2493 tiquioribus
431 2434 652 2477 Strabonis
683 2438 942 2479 editionibus
972 2438 1017 2479 X
1046 2455 1089 2495 p.
1114 2438 1212 2480 738.
1236 2438 1330 2478 741.

254 2503 352 2556 Quo
376 2503 474 2557 jure
501 2503 735 2545 Dorienses
765 2506 971 2563 ancipites
1000 2506 1236 2563 producere
1266 2504 1508 2556 tradantur,
1541 2514 1589 2548 ut

142 2571 232 2619 ἶσος
264 2586 339 2628 pro
371 2572 459 2617 ἴσος
479 2574 538 2619 ⁴),
572 2587 657 2611 non
687 2581 876 2630 apparet.

187 2662 223 2703 4)
271 2661 329 2694 Et.
360 2660 409 2694 M.
436 2661 523 2699 477,
553 2662 615 2701 17,
656 2662 712 2694 Et.
742 2662 784 2694 G.
808 2663 896 2705 283,
924 2665 987 2705 ⁴20,
1026 2665 1121 2697 Ann.
1155 2663 1253 2695 Oxx.
1290 2661 1326 2702 l,
1353 2661 1438 2703 210,
1463 2663 1506 2696 23
1539 2663 1584 2696 ad

143 2711 228 2754 ἷσοςι
275 2718 349 2754 ἴσως
385 2715 402 2749 ὁ
430 2717 572 2760 ποιητής
598 2718 808 2759 (Homerus)
833 2723 990 2765 Δωρικῶς
1015 2721 1144 2753 ἐκπίνει
1170 2717 1208 2751 τὸ
1235 2719 1400 2762 δίχρονον.
1458 2719 1491 2753 J.
1517 2720 1583 2754 Gr.

143 2776 230 2818 242,
255 2776 298 2817 b,
326 2775 390 2809 Gr.
417 2776 455 2809 C.
482 2778 559 2810 302.
597 2775 633 2807 αἱ
656 2775 802 2814 ἐκτάσεις
827 2781 893 2810 τῶν
917 2777 1079 2824 ὸιχρόνων
1103 2777 1273 2817 στοιχὲἱων
1296 2776 1387 2809 idom.
