1779 3079
137 188 177 246 §.
195 189 275 236 22.
312 189 385 235 De
412 187 516 234 aliis
542 189 665 251 long.
692 186 840 234 vocal.
869 194 915 232 et
943 183 1213 249 diphthong.
1247 192 1411 230 mutat.
1486 181 1580 231 187

136 324 285 366 lonico
315 323 428 373 λήϊον
462 323 530 365 vel
561 321 709 364 Attico
740 320 857 360 λεῖον.
929 319 1157 360 Accedunt
1193 319 1425 372 nonnulla,
1471 335 1579 377 quae

135 392 384 434 derivantur
413 407 436 432 a
465 394 541 444 γῆ,
583 392 658 442 711:
703 386 994 439 μεσόγαιον
1024 386 1230 429 Doricum
1262 403 1339 445 pro
1370 386 1580 440 μεσόγειος

133 467 242 501 teste
265 459 494 501 Heraclide
519 474 586 514 ap.
609 455 806 497 Eustath.
829 454 952 506 1648,
974 454 1000 495 8
1016 484 1028 506 ,
1060 455 1287 507 κατώγαι
1302 473 1321 496 ο
1337 474 1355 495 ν
1376 455 1575 511 Theogn.

137 528 251 569 Oxx.
284 528 352 576 Il,
386 528 463 579 71,
495 526 548 577 2,
601 522 856 575 ἁνώγαιον
888 521 991 562 ibid.
1028 522 1132 574 131,
1167 522 1246 574 13,
1296 522 1504 575 ἔγγαιος
1536 523 1580 564 in

135 595 262 636 titulo
293 595 490 651 Theraeo
530 608 595 632 nr.
626 591 751 633 2448.
787 589 844 643 V,
875 588 928 641 8,
970 604 1079 648 quae
1121 589 1166 629 in
1198 588 1289 646 ipsa
1318 589 1461 631 Attica
1493 590 1579 631 dia-

135 663 248 711 lecto
288 669 329 703 et
367 658 531 716 vulgari
571 659 719 715 lingua
759 657 885 699 modo
927 674 960 697 ει
1000 657 1126 698 modo
1171 674 1213 697 αι
1255 656 1435 705 habent,
1491 657 1578 699 vid.

135 731 327 772 Lobeek.
360 729 413 771 ad
443 728 606 784 Phryn.
639 743 682 784 p.
713 725 809 769 297.
872 725 1179 782 Diplithongus
1211 740 1244 764 ει
1274 724 1400 765 ctiam
1431 725 1500 766 hic
1531 741 1583 766 ex

135 798 282 839 Ionico
334 815 377 848 ηι
420 803 517 838 nata
560 802 641 836 cst.
723 792 922 835 Ceterum
966 792 1207 850 intelligis,
1262 791 1474 849 propriam
1520 792 1581 832 di-

131 866 400 924 phthongum
433 864 476 904 in
514 862 673 904 talibus
712 861 871 918 optima
911 860 1160 902 auctoritate
1203 859 1307 913 niti,
1355 875 1438 917 quo
1479 860 1584 901 facit

133 931 259 973 ctiam
292 932 460 973 dativus
496 931 678 988 pluralis
717 929 863 977 πύλαις
908 945 984 986 pro
1024 928 1173 970 lonico
1212 927 1388 984 πύλῃσι,
1434 927 1580 984 πύλῃς,

133 1015 264 1058 quare
296 999 492 1040 dubitare
523 998 624 1040 licet
653 1014 705 1038 an
726 997 993 1054 Apollonius
1024 996 1151 1038 nimis
1173 995 1297 1038 anxie
1319 999 1417 1047 λᾷον
1439 995 1582 1053 potius

134 1083 259 1125 quam
295 1068 406 1108 λαῖον
435 1065 565 1108 scribi
591 1065 790 1120 jusserit.

247 1133 333 1176 Ubi
365 1134 662 1191 diphthongus
693 1149 726 1172 ει
757 1148 809 1173 ex
841 1148 857 1171 ε
889 1138 962 1172 aut
991 1148 1006 1170 ι
1037 1139 1126 1172 orta
1158 1139 1247 1184 est,
1299 1130 1461 1173 Dorice
1492 1147 1582 1173 cam

134 1218 221 1243 non
253 1202 296 1243 in
335 1219 376 1241 αι
405 1200 558 1242 mutari
589 1206 793 1257 apparet,
826 1215 958 1256 quare
981 1198 1242 1240 VVelckerus
1273 1199 1386 1256 apud
1410 1199 1581 1240 Alcma-

133 1284 230 1310 nem
261 1270 314 1310 fr.
344 1270 364 1310 1
397 1285 483 1310 non
514 1276 628 1309 recte
658 1284 680 1309 e
710 1267 1033 1324 suspectissima
1064 1266 1280 1309 Prisciani
1310 1267 1494 1309 lectione
1525 1268 1584 1306 λί-

132 1354 229 1390 γαια
261 1336 517 1394 scripserat,
549 1352 688 1393 quum·
712 1337 837 1389 λιγεῖα
868 1351 890 1375 a
920 1334 1030 1387 λιγύς
1061 1350 1159 1389 gen.
1183 1335 1310 1387 λιγεός
1334 1334 1579 1376 descendat.

248 1404 290 1453 5)
349 1404 659 1461 Diphthongus
690 1419 733 1443 ει
773 1418 865 1460 pro
907 1419 956 1443 οι
984 1409 1098 1443 esset
1139 1402 1185 1442 in
1226 1403 1389 1451 τεῗον,
1439 1403 1578 1443 ποῖον·

134 1475 295 1524 Κρῆτες
313 1471 536 1529 Hesych.,
568 1471 653 1512 nisi
685 1469 937 1528 gravissima
968 1470 1258 1528 corruptionis
1290 1469 1482 1527 suspicio
1512 1470 1582 1510 ad-

134 1547 274 1593 esset,
307 1539 394 1581 vid.
427 1539 468 1592 ξ.
504 1540 582 1591 10,
614 1540 653 1580 1.

249 1624 290 1648 ει
333 1622 427 1664 pro
469 1623 519 1647 ευ
559 1614 625 1648 cst
664 1606 709 1647 in
737 1605 990 1656 Ἐλεισινιάρ
1030 1621 1108 1662 pro
1136 1604 1392 1653 Ἐλευσινίας
1430 1605 1475 1646 in
1509 1605 1582 1646 de-

137 1684 252 1717 creto
283 1683 427 1716 contra
449 1673 750 1721 Timotheum,
783 1672 852 1713 cui
883 1673 1044 1714 nullam
1076 1673 1201 1714 fidem
1228 1673 1462 1713 habendam
1489 1689 1583 1714 esse

137 1750 329 1795 constat,
377 1748 418 1782 et
448 1741 492 1781 in
527 1742 620 1788 Ζείς
648 1756 726 1797 pro
761 1739 886 1789 Ζεύς,
933 1740 1048 1798 quod
1079 1756 1210 1797 quum
1241 1755 1265 1781 a
1294 1740 1582 1782 Torremuzza

137 1809 181 1850 in
214 1824 386 1850 nummo
410 1807 679 1865 Syracusano
709 1807 798 1865 legi
828 1808 1037 1862 tradatur,
1071 1815 1143 1849 aut
1172 1822 1357 1849 errorem
1382 1815 1455 1848 aut
1472 1809 1583 1849 frau-

138 1877 232 1918 dem
273 1876 453 1927 subesse
494 1874 777 1932 suspicamur.
856 1875 983 1928 Alia,
1029 1875 1075 1916 in
1119 1874 1277 1933 quibus
1317 1891 1364 1917 ea
1406 1876 1582 1918 mutatio

136 1943 332 2002 conspici
361 1943 553 1995 videtur,
587 1943 675 1985 vid.
708 1942 748 1995 ξ.
782 1940 862 1995 26,
893 1942 934 1982 4.

248 2028 291 2052 ει
315 2027 410 2069 pro
436 2028 482 2050 υι
508 2017 572 2051 est
592 2010 636 2050 in
658 2009 867 2051 feminino
887 2008 1104 2066 participii
1124 2009 1321 2066 perfecti,
1347 2010 1434 2052 vid.
1454 2011 1577 2064 §.41.

251 2095 302 2120 ευ
339 2094 438 2136 pro
478 2094 521 2118 ει
558 2077 604 2118 in
638 2076 845 2117 Ἐλεύθυα
886 2075 1003 2118 Cret.
1036 2076 1169 2129 3058,
1215 2078 1244 2118 i.
1277 2093 1314 2119 e.
1346 2080 1580 2131 Εἰλείθυια,

139 2161 247 2203 quae
278 2145 390 2201 apud
419 2145 655 2187 Pindarum
684 2144 897 2185 Ἐλείθυια
927 2152 1101 2185 vocatur
1130 2144 1180 2185 P.
1205 2145 1297 2198 III,
1329 2146 1370 2192 9.
1402 2146 1458 2187 N.
1478 2147 1579 2201 Vll,

142 2215 167 2255 1
198 2221 238 2254 et
266 2211 453 2253 Ἐλευθώ
487 2212 559 2254 Ol.
591 2211 680 2264 VI,
713 2213 782 2254 42.
1626 2223 1628 2225 ·

254 2296 309 2321 ου
350 2295 441 2336 pro
482 2295 530 2319 ευ
560 2278 770 2335 singulari
803 2278 996 2321 Creticae
1027 2278 1200 2321 dialecti
1229 2280 1486 2338 proprietate
1517 2290 1583 2323 est

141 2349 185 2390 in
219 2347 363 2405 glossa
391 2346 600 2387 Photiana
638 2346 864 2399 ψούόια,
912 2348 1066 2400 ψευδῆ·
1110 2350 1293 2400 Κρῆτες,
1341 2348 1497 2390 deinde
1536 2348 1580 2389 in

142 2413 525 2464 ἐξοὸούσανῑες
555 2419 596 2454 ct
624 2415 1024 2466 βωλουομέναις
1046 2413 1161 2456 Cret.
1184 2431 1250 2456 nr.
1271 2414 1398 2468 2556,
1431 2416 1498 2457 53.
1526 2417 1581 2458 74

141 2483 192 2524 ab
224 2480 392 2530 ἐξυδεύω
423 2487 465 2521 et
495 2478 697 2533 βουλεύω,
728 2496 970 2539 quanquam
1000 2481 1162 2534 βωλεύω
1191 2482 1350 2540 legitur
1367 2498 1433 2523 nr.
1451 2483 1578 2535 2554,

139 2550 221 2593 214
251 2556 293 2590 et
320 2547 455 2599 2555,
486 2547 527 2589 8.

249 2615 294 2667 6)
354 2614 612 2656 Lesbiorum
651 2629 743 2655 mos
780 2614 889 2668 iota,
935 2615 1050 2672 quod
1087 2615 1259 2656 alteram
1299 2615 1579 2675 diphthongo-

143 2699 233 2724 rum
264 2688 424 2740 partem
453 2681 605 2734 efficit,
650 2688 747 2722 ante
776 2690 1023 2740 sequentem
1055 2683 1243 2724 vocalem
1273 2684 1497 2727 omittendi
1525 2703 1579 2728 ne

144 2765 167 2790 a
187 2749 347 2791 Doride
368 2748 540 2805 quidem
561 2748 727 2790 alienus
748 2756 828 2791 est.
888 2749 997 2791 Nam
1027 2757 1068 2791 et
1097 2758 1257 2792 certum
1288 2752 1577 2796 testimonium
