1779 3079
265 205 364 255 500
668 203 896 251 Addenda
932 213 978 250 et
1015 203 1325 270 Corrigenda.

265 344 373 386 Nam
417 357 703 400 quaecunque
744 340 890 400 paullo
936 341 1181 382 accuratius
1220 341 1446 382 traduntur
1477 340 1590 398 apud
1619 340 1726 384 Dio-

266 412 467 469 nysium,
498 409 780 467 Longinum,
813 409 1128 467 Apollonium,
1162 408 1557 466 Hephaestionem,
1591 408 1726 450 Athe-

265 495 438 532 naeum,
470 478 523 520 ab
549 477 666 519 omni
698 477 844 535 epicae
866 476 1037 519 dialecti
1069 476 1282 518 admixtae
1314 476 1564 533 suspicione
1596 477 1727 533 longe

263 547 448 601 absunt,
506 546 595 587 nisi
625 560 761 603 pauca
793 545 869 587 illa
898 545 952 585 ad
984 545 1151 603 epicam
1183 544 1413 585 dialectum
1444 545 1611 585 trahere
1642 544 1726 597 vis,

263 631 375 674 quae
405 630 536 672 quum
567 630 590 654 a
620 613 789 670 vulgari
811 612 1073 655 Lesbiorum
1104 628 1185 653 nsu
1218 611 1359 653 aliena
1390 611 1502 664 sint,
1534 627 1557 652 a
1587 610 1729 669 poetis

264 700 317 725 cx
344 682 605 740 antiquiore
644 681 832 723 Aeolide
883 688 1046 723 servata
1093 679 1342 722 existimare
1385 695 1567 736 prorsus
1608 678 1728 728 licet,

262 759 310 793 ut
340 750 557 808 genitivos
599 749 645 790 in
688 766 767 790 oco.
811 777 864 781 -
923 748 1098 790 Deinde
1130 747 1264 788 Schn.
1301 746 1475 804 singula
1515 746 1728 803 quaedam

263 821 411 869 affert,
461 833 571 876 quae
612 833 665 857 cx
705 815 827 873 epica
866 815 1053 857 dialecto
1094 813 1226 871 petita
1269 829 1364 854 esse
1400 814 1584 868 judicat.
1661 814 1729 855 Eo

262 888 397 930 refert
437 885 611 938 ἐφύοντο
654 882 815 939 Sapph.
849 882 934 936 29,
998 897 1131 939 quum
1174 880 1326 922 Lesbii
1372 882 1478 932 φυίω
1523 881 1725 922 dixerint.

263 956 325 996 At
355 953 510 995 Lesbii
545 952 749 992 dixerunt
780 948 846 990 αἶ’ὶ·
868 957 910 991 et
943 949 993 989 iii·
1015 965 1093 1006 pro
1126 947 1210 997 ἀεί,
1254 949 1426 1000 μαιόμαι
1456 948 1556 989 Ale.
1594 949 1645 990 17
1688 955 1731 990 ct

262 1021 420 1075 μάομαι
452 1019 615 1076 Sapph.
641 1018 720 1059 115
739 1049 751 1070 ,
784 1018 884 1058 ποία
916 1016 1080 1075 Sapph.
1104 1018 1156 1071 2,
1193 1016 1242 1057 15
1273 1023 1314 1057 et
1342 1015 1425 1057 πόα
1456 1016 1619 1074 Sappli.
1647 1015 1727 1070 76,

263 1088 419 1146 quidni
451 1089 557 1141 φυίω
587 1093 629 1127 et
662 1084 788 1137 φύωῖ
828 1085 1082 1142 praesertim
1115 1100 1249 1141 quum
1279 1084 1367 1125 iota
1399 1083 1604 1139 ejiciendi
1636 1099 1729 1125 mos

264 1173 391 1214 quam
419 1155 603 1197 maxime
634 1152 878 1195 Lesbiacus
918 1153 990 1194 sit.
1067 1151 1242 1194 Deinde
1283 1152 1449 1209 epicam
1491 1159 1614 1210 putat
1656 1167 1728 1193 nc-

264 1226 450 1282 glectam
481 1237 705 1282 apocopen
746 1222 792 1263 in
825 1221 1144 1274 καταστείβουσι
1176 1219 1340 1278 Sapph.
1383 1221 1437 1261 fr.
1473 1221 1554 1274 44,
1601 1219 1730 1274 cujus

262 1292 499 1350 fragmenti
530 1291 709 1332 ultimos
740 1305 893 1331 versus
925 1288 1177 1346 suspicione
1199 1296 1345 1329 nostra
1367 1287 1589 1346 repudiata
1615 1295 1730 1328 recte

263 1359 447 1416 Rei-glai
478 1358 731 1414 conjectura
763 1357 988 1417 Sapphoni
1019 1357 1155 1398 tribui
1195 1357 1371 1397 affirmat
1409 1355 1498 1396 vid.
1541 1355 1644 1396 infr.
1678 1355 1731 1395 ad

266 1428 431 1485 Sapph.
474 1428 545 1470 44.
626 1426 801 1468 Certius
847 1426 1074 1483 neglectae
1118 1439 1335 1482 apocopae
1380 1422 1622 1479 exemplum
1667 1431 1732 1464 est

265 1495 380 1551 παρὰ
413 1494 453 1534 δ’
487 1493 632 1549 ἔρχεθ’
667 1495 756 1547 (ὅρα
788 1494 953 1552 Sapph.
977 1495 1057 1543 24,
1091 1493 1208 1551 quod
1240 1492 1341 1534 olim
1374 1491 1509 1532 aciem
1542 1500 1731 1533 nostram

268 1565 455 1619 fugerat.
520 1562 611 1604 Cur
641 1578 742 1604 vere
773 1578 825 1604 ex
857 1562 978 1620 epica
1002 1561 1154 1619 lingua
1175 1560 1474 1617 depromptum
1499 1559 1730 1617 putemus?

265 1631 554 1689 Antiquiores
575 1631 740 1672 Aeoles
768 1638 810 1672 et
832 1630 1074 1672 Dorienses
1107 1629 1238 1686 vulgo
1271 1644 1492 1686 apocopen
1526 1627 1582 1669 ita
1612 1642 1732 1684 prae-

267 1700 488 1754 tulerunt,
535 1705 584 1740 ut
614 1698 743 1739 etiam
773 1699 819 1739 in
852 1699 994 1740 soluta
1026 1697 1220 1740 oratione
1251 1695 1543 1747 abstinerent,
1590 1693 1732 1736 sicubi

268 1767 486 1825 euphonia
516 1768 598 1808 boc
628 1766 849 1824 postulare
881 1766 1100 1808 videretur
1129 1765 1219 1807 vid.
1242 1765 1296 1806 L.
1316 1764 1358 1805 Il
1389 1761 1429 1822 ξ.
1451 1763 1520 1805 43.
1582 1762 1731 1804 Po‘etis

266 1837 478 1891 majorem
509 1835 733 1877 licentiam
764 1834 933 1888 fuisse,
966 1850 1052 1892 quo
1082 1833 1258 1874 facilius
1281 1840 1416 1873 metro
1436 1830 1730 1881 consulerent,

267 1918 355 1944 non
388 1903 546 1944 mirum
577 1909 676 1956 est3
726 1902 860 1957 adde,
902 1902 1020 1960 quod
1049 1901 1315 1959 praepositio
1345 1900 1437 1953 περί
1465 1898 1592 1941 etiam
1621 1905 1731 1950 tum,

269 1986 407 2028 quum
439 1987 491 2011 cx
524 1986 605 2011 usu
636 1969 815 2011 Lesbiis
845 1969 1022 2027 proprio
1061 1985 1140 2026 pro
1179 1969 1279 2022 ὗπὲρ
1321 1974 1416 2020 cst,
1462 1966 1589 2007 modo
1631 1980 1731 2022 apo-

268 2053 407 2095 copen
440 2037 604 2094 patitur
633 2036 762 2077 modo
793 2052 879 2077 non
910 2037 1073 2093 patitur
1116 2035 1205 2076 vid.
1239 2035 1280 2086 ξ.
1313 2034 1394 2086 28,
1427 2034 1467 2075 3.
1528 2033 1644 2074 Tum
1673 2037 1733 2073 λε-

269 2105 452 2147 λάθοντο
490 2111 532 2145 ct
576 2103 843 2144 ἐκλελάθοιτο
878 2103 1040 2160 Sapph.
1073 2103 1129 2144 44
1162 2101 1526 2144 Schneidewinus
1558 2100 1610 2141 ad
1641 2099 1731 2158 epi-

268 2188 344 2215 cae
374 2171 552 2230 linguae
582 2171 867 2212 imitationem
900 2169 1127 2211 referenda
1158 2186 1254 2211 0550
1277 2177 1452 2222 censet,
1485 2184 1731 2226 quanquam

270 2240 540 2299 grammatici
571 2238 928 2296 reduplicationis
962 2238 1085 2279 illum
1112 2254 1237 2279 usum
1262 2237 1421 2279 diserte
1441 2236 1492 2277 ab
1512 2235 1730 2277 Aeolibus

266 2316 485 2367 repetunt.
561 2306 735 2360 Quibus
778 2322 855 2348 eur
894 2306 1023 2348 fidem
1053 2306 1347 2363 denegemus,
1392 2320 1479 2347 non
1509 2303 1726 2358 intelligo.

267 2376 380 2419 Nam
409 2376 527 2434 quod
558 2376 753 2433 exempla
785 2374 929 2416 solum
959 2374 1191 2415 Homerica
1215 2379 1531 2431 apposuerunt,
1564 2371 1607 2412 id
1641 2386 1729 2413 sae-

268 2444 454 2503 pissime
486 2460 508 2484 a
543 2441 1010 2501 grammaticis-minus
1042 2441 1254 2482 accuratis
1293 2442 1451 2482 sactum
1494 2446 1584 2492 est,
1630 2438 1729 2480 vide

267 2512 397 2554 modo
438 2510 479 2563 ξ.
514 2511 568 2552 24
608 2519 698 2552 not.
732 2512 781 2564 1,
828 2509 905 2550 uhi
945 2509 1153 2551 Aeolicae
1197 2507 1515 2550 terminationis
1555 2512 1617 2547 θα
1657 2521 1727 2547 ex-

268 2580 410 2636 empla
441 2578 561 2620 nulla
593 2578 678 2619 nisi
710 2577 943 2619 Homerica
973 2585 1301 2619 commemorata
1332 2575 1556 2627 invenies,
1593 2588 1728 2630 quan-

268 2663 396 2705 quam
428 2646 674 2688 etiamnunc
706 2652 851 2687 extant
883 2644 1055 2700 S'xfftm‘hz
1086 2653 1125 2686 et
1155 2646 1378 2698 φίλεισθα,
1424 2657 1532 2700 quae
1564 2640 1726 2682 addita-

269 2723 462 2757 mentum
493 2715 603 2756 illud
634 2714 874 2756 Lesbiae-ae
905 2713 1088 2754 dialecto
1121 2729 1217 2754 vere
1251 2711 1469 2769 proprium
1501 2723 1641 2765 neque
1671 2723 1724 2750 cx

271 2782 502 2825 llomerica
532 2782 682 2840 ling-ua
720 2798 742 2823 a
773 2780 913 2840 po'etis
944 2781 1190 2837 adoptatum
1222 2795 1316 2821 0550
1350 2776 1619 2819 lucidissime
1650 2775 1722 2818 do—
