1779 3079
516 174 592 224 Ad
627 175 841 224 Librum
877 173 1166 224 Secundum.
1468 170 1568 220 569

122 313 357 366 μογῖοντες,
415 311 574 370 quibus
617 309 925 352 mutationibus
974 309 1102 352 simul
1157 308 1380 351 literarum
1425 306 1569 349 ordini

122 380 394 435 consulitur,
439 380 497 422 es.
529 380 806 433 μογείοντι
835 378 941 434 (leg.
974 378 1198 430 μογίοντι),
1244 377 1445 426 πονοῦσι,
1493 392 1569 415 πυ-

122 447 323 502 ρέσσουσι
342 460 352 469 ·
397 449 592 502 Δωριεῖς.

235 516 357 573 Pag.
389 515 472 558 214
502 515 559 565 a).
629 512 755 553 Adde
795 515 1037 561 καλεῦνται,
1091 511 1206 570 quod
1235 510 1444 553 Doricum
1475 525 1571 553 esse

121 582 304 623 traditur
332 581 404 624 J0.
439 582 514 624 Gr.
544 582 640 622 243.
674 580 715 620 Ι).

234 650 372 691 Ibid.
406 650 468 700 b).
528 647 657 689 Adde
686 648 844 704 Astyp.
879 663 945 688 nr.
977 646 1056 689 159
1087 646 1142 688 R.
1173 646 1453 700 Ἀγνοτέλευς,
1500 661 1568 686 nr.

122 717 201 759 161
232 718 516 764 Δίκοσθεύει·ς
535 746 547 768 ,
592 731 659 756 nr.
694 716 774 757 163
803 714 1059 764 ’[ασικλεῦς,·
1120 730 1142 755 e
1174 715 1300 756 testis
1331 713 1568 755 Rhodiaeis

123 784 278 826 Olbiae
310 783 493 842 repertis
523 782 844 838 Δαμοκράτευς,
885 781 1251 837 Ἀριστοκράτει-ς,
1296 781 1568 834 Ξενοᾳάνευς.

233 852 363 908 Pag.
395 852 477 895 215
517 851 588 892 in.
657 850 785 892 Adde
824 850 972 907 Nisyr.
1007 850 1087 892 ’108
1118 849 1173 890 R.
1213 850 1488 902 depoye'veue
1532 855 1574 890 et

122 921 437 972 Λαμοκρίνευς,
471 918 669 975 Calymn.
695 918 775 959 182
798 916 855 958 R.
886 917 1173 973 Ἀκροτέλὲυς,
1206 916 1342 958 Ther.
1376 917 1573 958 rec-'216

121 987 366 1042 Συμάρευς,
399 989 573 1044 Anaph.
607 987 689 1028 223
718 984 1026 1039 Ἀγλωφάνευςς
1072 1001 1094 1026 e
1126 1000 1299 1027 nummo
1332 983 1573 1041 Cyrenaico

122 1055 294 1098 Mionn.
326 1055 419 1109 VI,
454 1054 536 1096 562
574 1055 830 1106 Θευφείὸευς.

234 1123 373 1165 Ibid.
416 1124 448 1165 1.
480 1124 550 1165 23.
613 1121 726 1163 Casu
758 1120 916 1162 excidit
946 1127 1045 1161 nota
1076 1120 1159 1161 huc
1191 1119 1443 1177 pertinens:
1501 1116 1571 1160 J0.

122 1190 201 1233 Gr.
233 1192 342 1244 243,
376 1190 430 1244 b,
492 1190 568 1231 Gr.
610 1189 660 1230 C.
701 1188 808 1238 358,
868 1188 1048 1230 Moerin.
1094 1188 1175 1231 (359
1219 1188 1380 1229 Dorica
1424 1186 1577 1228 dieunt

129 1260 408 1308 Θευκυὸίδης,
448 1257 715 1312 Θευκράτης,
754 1256 1039 1310 Θεόφραστος.
1085 1281 1124 1286 -
1178 1255 1251 1297 Et.
1283 1255 1346 1297 M.
1378 1255 1491 1307 441,
1524 1255 1574 1296 11

121 1329 224 1368 θεῦν
245 1326 462 1381 ”Αρῑε,ιιιν,
519 1327 706 1379 σημαίνει
735 1324 807 1374 τήν
835 1323 936 1365 θεόν
955 1335 964 1343 ·
1018 1326 1087 1364 καί
1118 1323 1265 1378 κράσει
1298 1325 1478 1379 Αωρικῇ
1506 1324 1578 1363 τοῦ

121 1396 165 1436 «ἷό
206 1395 261 1442 εἰς
297 1393 368 1445 τὴν
403 1399 448 1434 Ξῖ)
488 1396 728 1447 δίφθογγον.
819 1391 1033 1433 Choerob.
1076 1391 1211 1433 Bekk.
1260 1392 1364 1433 ‘1231
1415 1390 1575 1442 (Gaisf.

121 1463 235 1516 421,
267 1462 340 1513 27)
380 1462 554 1519 plenius
599 1463 720 1503 ass‘ert
759 1458 832 1509 τὴν
873 1462 976 1500 θεῦν
1008 1459 1198 1514 ’Ἄρτεμιν
1238 1458 1295 1501 οἷ’
1339 1458 1492 1500 ἔπαθεν
1537 1464 1579 1500 et

121 1534 222 1572 θεῦν
251 1530 362 1572 crasi
392 1529 553 1572 Dorica
584 1531 655 1573 vel
684 1529 831 1571 Ionica
861 1529 1022 1570 factum
1053 1527 1173 1569 dicit.
1259 1526 1460 1569 Ceterum
1490 1542 1578 1568 non

123 1598 400 1653 dubitamus,
446 1599 552 1657 quin
583 1598 816 1639 frustulum
846 1597 957 1638 illud
991 1596 1331 1638 Callimacheum
1366 1596 1436 1637 sit.

235 1666 409 1708 Deinde
453 1666 561 1707 adde
611 1665 829 1719 Θεόδωρος
875 1666 922 1706 ἰιι
965 1665 1093 1707 titulo
1141 1663 1231 1706 Coo
1276 1680 1342 1704 nr.
1379 1663 1458 1704 175
1499 1661 1576 1716 R.,

129 1735 340 1787 Θευμέλων
369 1734 414 1775 in
446 1749 620 1775 nummo
652 1733 812 1774 Cnidio
842 1732 1010 1775 Mioun.
1044 1732 1109 1774 Ill
1129 1763 1141 1784 ,
1176 1732 1280 1782 140,
1315 1731 1579 1783 Κλεύᾳαιιτος

123 1802 170 1844 ἰιι
202 1802 431 1860 Calymnio
470 1802 598 1844 titulo
633 1801 873 1844 recentiore
914 1818 980 1842 nr.
1017 1800 1097 1843 185
1125 1800 1181 1842 R.
1204 1830 1216 1854 ,
1276 1800 1503 1853 &wqflffqg
1531 1797 1578 1838 in

122 1886 298 1912 nummo
343 1869 583 1927 Cyrenaico
621 1870 790 1911 Mionn.
824 1870 919 1923 Vl,
953 1868 1050 1911 562.
1141 1868 1301 1909 Contra
1341 1865 1578 1919 RQOWJWOG

123 1944 166 1981 et
202 1937 420 1991 Θεοφάνης
450 1945 550 1979 sunt
579 1939 736 1996 Astyp.
770 1955 835 1979 nr.
865 1937 946 1979 154
977 1944 1019 1978 et
1055 1937 1281 1988 Θεοθέμιος
1311 1935 1357 1976 in
1381 1935 1578 1976 Theraeo

124 2006 303 2064 antiqno
359 2022 425 2047 nr.
465 2007 549 2048 200
587 2005 642 2046 R.
689 2032 743 2037 -—
826 2006 1052 2047 Postremo
1098 2011 1246 2045 notatu
1291 2003 1469 2061 dignum
1515 2008 1580 2044 est

124 2073 380 2122 Λευντιάὸας
413 2074 610 2132 Calymn.
646 2074 726 2116 182
756 2073 812 2114 R.
845 2089 923 2131 pro
951 2071 1223 2122 Λεοντιάδης.

238 2141 365 2197 Pag.
397 2142 480 2183 216
511 2142 542 2183 l.
575 2142 646 2186 29.
707 2141 1042 2198 Epicharmeum
1074 2144 1259 2182 καλοῦσα
1290 2154 1404 2180 nunc
1435 2153 1577 2180 emen-

126 2210 300 2252 datione
329 2208 546 2266 probabili
577 2209 831 2251 sustulimus
862 2226 942 2251 nee
981 2210 1035 2250 fr.
1070 2210 1176 2261 137,
1232 2207 1308 2248 ubi
1340 2205 1577 2259 φθονούμε-

125 2296 224 2328 νος,
279 2277 516 2336 genuinum
546 2293 642 2319 esse
672 2285 887 2335 putamus.
962 2276 1122 2319 Contra
1152 2274 1259 2316 adde
1292 2273 1526 2329 αἱρούμενοι
1555 2289 1578 2315 e

123 2346 252 2388 titulo
285 2345 376 2387 Coo
408 2361 474 2386 nr.
510 2345 589 2387 175
620 2344 676 2385 R.

239 2414 308 2455 Pa
321 2430 362 2470 g.
382 2414 464 2456 218
494 2429 560 2454 nr.
576 2411 616 2453 5.
676 2412 745 2455 De
774 2411 1026 2455 nominibus
1054 2411 1263 2463 Σείτειμος
1292 2417 1333 2451 et
1359 2408 1580 2457 Σειὸἐκτας

126 2482 217 2525 vid.
245 2481 361 2523 Keil.
392 2480 542 2523 Anall.
588 2496 631 2537 p.
662 2481 733 2523 92.
764 2481 834 2524 94.
922 2480 1121 2527 Σιὸἐκτας
1150 2478 1313 2535 legitur
1343 2476 1392 2518 C.
1426 2477 1461 2518 I.
1508 2493 1576 2518 nr.

129 2550 266 2604 1352,
306 2548 474 2605 Exped.
508 2548 560 2589 de
589 2547 701 2590 Mor.
734 2549 793 2590 ΙΙ.
836 2566 878 2606 p.
910 2548 966 2590 74
1007 2554 1048 2589 et
1077 2547 1211 2588 Lealz.
1245 2546 1356 2588 Mor.
1400 2561 1467 2586 nr.
1506 2545 1575 2598 17,

129 2619 206 2677 qui
243 2618 394 2660 titulus
431 2617 578 2673 paullo
622 2617 839 2673 antiquior
877 2631 974 2658 esse
1005 2615 1206 2667 videtur,
1255 2613 1370 2670 quod
1411 2621 1580 2669 praeter

127 2685 369 2729 Antonium
409 2692 451 2727 et
487 2683 735 2726 Pollionem
774 2684 968 2726 Romana
1013 2682 1188 2724 nomina
1238 2681 1388 2722 insunt
1438 2679 1575 2721 nulla.

127 2754 276 2796 Minus
306 2760 420 2795 recte
450 2752 622 2794 h'eilius
652 2768 695 2809 p.
721 2751 803 2794 237
834 2753 1029 2793 Εἴδεκτον
1060 2749 1336 2793 Corinthium
1366 2746 1578 2805 antiquis-
