1779 3079
210 163 306 213 194
747 165 820 211 De
854 162 1114 211 vocalibus.

211 301 263 343 59
294 301 385 352 (24)
431 308 471 340 et
513 296 583 354 ἦρι
624 299 777 356 Epich.
812 299 890 350 29,
936 301 1226 356 Καρνήδας
1270 300 1301 342 i.
1334 315 1372 342 e.
1415 300 1659 355 Καρνεάδης

214 369 370 412 Cvren.
410 369 451 409 2.

324 487 368 511 εε
399 470 444 511 in
475 469 762 511 declinatione
794 469 920 510 tertia
950 469 1002 510 ab
1025 468 1344 527 antiquioribus
1367 469 1658 513 Doriensibus

212 556 296 581 non
327 539 527 581 videntur
557 552 652 578 esse
683 545 920 590 contracta,
955 537 1041 578 vid.
1076 538 1116 590 ξ.
1150 537 1233 592 303
1278 538 1323 579 in
1355 538 1659 596 conjugatione

212 624 275 660 ze,
318 623 400 657 εει,
449 622 516 656 εη,
551 621 592 661 εῃ
625 605 786 662 ubique
819 605 1066 646 coalescunt
1095 606 1221 647 etiam
1253 606 1297 647 in
1330 605 1539 664 stirpibus
1570 621 1658 647 mo-

211 673 474 731 nosyllabis,
506 673 594 714 vid.
618 675 658 725 ξ.
682 672 760 722 38,
793 681 1086 730 praeterquam
1122 674 1166 714 in
1196 675 1364 715 νέεσθαι
1395 673 1512 716 Cret.
1531 672 1656 716 2555.

325 793 400 825 εο,
445 792 544 825 foc,
589 791 698 824 εου,
742 791 802 815 ew
833 776 906 817 ubi
937 777 1244 818 contrahantur
1273 777 1341 819 vel
1372 792 1459 818 non
1490 783 1661 818 contra-

213 846 387 893 hantur,
435 843 730 895 νίᾱοὺίιιιιι5ξ
706 843 730 874 ’
779 843 849 884 6.
921 843 1046 885 Nune
1078 844 1286 885 monitum
1317 845 1543 898 volumus,
1589 844 1661 885 ad-

206 912 367 966 jectiva
401 911 444 951 in
477 927 542 958 εος
574 862 770 951 exeuntia
801 917 850 950 ut
870 910 1042 963 χοὺσεος
1074 927 1293 968 nunquam
1326 913 1661 954 contractionem

213 978 326 1036 pati,
360 979 415 1019 cf.
447 978 488 1030 ξ.
524 979 664 1030 17,2.

326 1098 400 1129 ια,
449 1097 490 1120 ιε
534 1080 577 1121 in
621 1081 910 1124 declinatione
957 1082 1080 1124 tertia
1122 1098 1340 1139 nunquam
1382 1082 1661 1135 coalescunt3

216 1150 299 1203 τρῖς
337 1148 405 1189 vel
445 1149 551 1200 τρεῖς
592 1165 670 1206 pro
699 1152 805 1203 τριές
836 1158 876 1192 et
905 1152 1021 1204 τριάς
1053 1165 1074 1191 e
1106 1150 1320 1192 contrario
1350 1165 1570 1206 nunquam
1602 1149 1664 1190 di·

213 1216 380 1259 aeresin
413 1216 612 1257 admittit.

326 1336 410 1366 οα,
445 1334 518 1368 οε,
564 1335 643 1367 oo,
689 1335 753 1358 οω
786 1317 830 1358 iu
863 1317 1151 1360 declinatione
1182 1319 1306 1362 tertia
1336 1325 1530 1377 (excepta
1560 1334 1663 1361 voce

213 1388 331 1439 βοῦς)
373 1394 414 1426 et
455 1385 499 1426 in
545 1385 852 1442 conjugatione
883 1386 1108 1427 verborum
1136 1386 1180 1427 in
1214 1403 1269 1427 οω
1301 1402 1470 1443 semper
1500 1394 1664 1428 contra-

215 1456 387 1495 huntur.
463 1453 646 1495 Nomina
694 1453 738 1494 in
781 1470 851 1501 οος
892 1454 1089 1495 exeuntia
1131 1453 1175 1495 in
1217 1454 1460 1511 antiquiore
1501 1454 1666 1496 Doride

216 1538 341 1579 saepe
372 1537 458 1563 non
490 1522 828 1573 contrahuntur,
861 1529 908 1561 ut
937 1520 1061 1569 πλόος
1092 1521 1249 1579 Sophr.
1283 1522 1338 1575 6,
1382 1521 1474 1569 νόος
1506 1521 1662 1579 Epich.

219 1590 322 1637 133,
368 1589 467 1643 χόου
510 1589 688 1646 Corcyr.
733 1589 868 1641 1838,
926 1588 1073 1637 εὐνόως
1119 1597 1161 1630 et
1205 1590 1338 1631 εὔνοοι
1378 1588 1495 1631 Cret.
1538 1589 1662 1632 3048.

217 1657 352 1711 3052,
388 1656 551 1705 ἁπλόως
586 1656 701 1698 Cret.
735 1656 860 1698 2554.
893 1658 1032 1707 2555,
1078 1657 1367 1699 δυωδεκάπλοα
1397 1657 1537 1699 Brutt.
1573 1657 1667 1703 (sed

218 1726 382 1766 διπλοῦν
425 1724 558 1766 Ther.
605 1725 730 1767 2448.
778 1725 890 1773 Vll,
931 1726 1011 1779 28,
1076 1725 1325 1767 adverbium
1371 1726 1491 1774 διπλῆ
1536 1725 1664 1767 Corc-

220 1793 351 1841 1845,
401 1794 531 1832 dmm?
559 1792 733 1834 Heracl.
768 1792 815 1845 l,
847 1792 926 1842 Gl,
975 1796 1013 1841 ἐξ
1005 1799 1124 1833 arria
1157 1792 1214 1847 (Ἰ)
1249 1793 1366 1835 Cret.
1399 1794 1535 1842 2554,
1569 1793 1666 1845 65);

219 1860 394 1912 ἐπιπλόῳ
435 1859 589 1916 Epich.
623 1860 663 1902 8.
740 1824 838 1901 N0>n
872 1859 1013 1900 minus
1043 1860 1215 1902 nomina
1246 1861 1291 1902 in
1324 1877 1405 1908 οεις
1435 1861 1546 1918 apud
1578 1861 1667 1902 Do-

219 1928 386 1968 rienses
429 1927 696 1984 antiquiores
740 1928 808 1968 vel
849 1927 1050 1984 antiquae
1091 1927 1268 1969 rationis
1300 1935 1470 1969 tenaces
1501 1935 1667 1969 contra·

219 1995 403 2035 ctionem
435 1986 768 2043 aversabantur,
816 2002 861 2034 ut
892 1993 1007 2035 Cret.
1043 1995 1184 2048 2554,
1220 1996 1297 2037 135
1341 1994 1665 2048 ’Apxevodmm

218 2062 247 2103 l.
287 2062 364 2103 139
406 2060 654 2109 Σπιιόἐιιτα,
701 2061 731 2101 l.
769 2061 842 2101 141
897 2063 1188 2116 Πρινοέσσας,
1235 2062 1279 2102 in
1327 2062 1518 2120 antiquis
1558 2062 1668 2104 Seli-

221 2128 367 2170 nuntis
410 2128 595 2169 nummis
635 2126 804 2168 Mionn.
851 2127 1005 2169 Deser.
1058 2130 1074 2169 l
1120 2145 1162 2186 p.
1196 2130 1278 2172 285
1322 2134 1510 2178 semo&
1554 2131 1582 2171 i.
1625 2146 1665 2172 e.

220 2195 426 2243 Σελινόεις
466 2195 529 2245 (ἰη
561 2194 659 2236 aliis
692 2199 859 2242 Σελιιιος
900 2204 941 2237 et
969 2201 1224 2238 Σελινοντιον
1261 2197 1290 2238 ἰ.
1325 2213 1362 2239 e.
1397 2201 1589 2246 Σελινοῦς
1627 2205 1669 2240 et

220 2264 547 2314 Σελινουντίων),
581 2262 664 2304 alia
697 2263 1003 2305 contractionis
1034 2265 1230 2323 exempla
1259 2264 1358 2307 vide
1387 2265 1427 2319 ξ.
1461 2266 1528 2316 25,
1555 2267 1596 2307 4.
1622 2266 1664 2307 d.

333 2382 427 2423 Hoc
458 2381 554 2423 loeo
585 2381 708 2422 etiam
741 2380 916 2438 antiqua
947 2382 1080 2422 forma
1127 2382 1344 2424 Ἀθαναία
1373 2399 1451 2441 pro
1481 2382 1668 2436 Ἀθάνα,

221 2450 388 2499 Ἀθήνη
431 2448 798 2490 commemoranda
843 2456 929 2497 est,
977 2465 1083 2505 quae
1126 2450 1287 2515 legitur
1326 2451 1370 2492 in
1409 2451 1586 2509 antiquo
1617 2451 1668 2492 ti·

224 2519 314 2559 tulo
362 2516 578 2558 Laconico
621 2532 685 2557 nr.
717 2517 766 2557 71
817 2516 979 2568 Leak.,
1034 2517 1148 2559 Cret.
1194 2520 1319 2561 2554.
1365 2520 1490 2562 2555.
1540 2518 1666 2567 2556,

223 2585 432 2626 'Anaunion
478 2584 521 2624 in
554 2584 818 2640 fragmento,
863 2584 977 2640 quod
1007 2586 1207 2627 Alcmani
1239 2587 1532 2635 restituimus,
1577 2586 1665 2627 vid.

223 2653 263 2701 ξ.
298 2654 321 2693 4
368 2660 454 2693 not.
491 2652 542 2702 53
586 2659 733 2692 eontra
774 2658 987 2693 eontracta
1023 2654 1156 2696 forma
1187 2654 1351 2696 Ἀσάιά
1381 2663 1445 2697 cst
1476 2654 1664 2711 Lysistr.

227 2719 358 2766 ¹300.
401 2719 568 2759 ’Λθάιά
601 2719 770 2760 Her-acl.
805 2727 884 2760 etc.
