1779 3079
549 226 591 283 ᾗ.
632 224 704 272 19.
774 224 847 269 De
881 246 907 269 α
944 241 1029 286 pro
1063 246 1098 281 η.
1455 228 1542 275 131

210 359 254 409 3)
313 357 458 400 Pauca
489 364 615 410 sunt,
658 371 767 414 quae
796 355 1053 412 optimorum
1083 358 1265 400 fontium
1297 359 1546 402 auctoritate

99 425 150 466 ab
180 426 259 468 hae
287 425 436 482 regula
474 424 615 483 excipi
652 424 890 467 videantur.
965 423 1160 467 Primum
1203 443 1350 470 omnes
1388 428 1548 470 formae

98 508 311 550 vocesque
341 508 365 533 a
395 494 576 533 κτᾶσθαι
606 491 913 533 descendentes
942 509 967 542 η
999 500 1193 547 servant,
1233 501 1278 535 ut
1307 494 1549 545 κτήσασθαι

100 560 257 613 Pind.,
288 562 430 609 κτῆσις
457 559 632 617 Anaph.
668 559 810 612 2477,
841 558 1031 613 ἔγκτησις
1061 559 1184 602 Chal.
1219 561 1353 616 1567,
1386 563 1547 605 Acarn.

98 628 232 681 1793,
262 626 445 668 Thaum.
471 627 594 668 1771.
619 626 742 669 1772.
770 626 904 680 1773,
938 626 1052 670 Cret.
1075 628 1201 671 2554.
1228 628 1355 682 2558,
1385 629 1545 688 Delph.

96 695 167 745 67,
201 711 224 736 a
253 695 306 737 R.
347 701 388 736 et
427 710 471 753 p.
503 694 559 737 67
589 693 715 747 Ulr.‚
764 693 957 747 ἄγκτησις
986 694 1146 737 Lacon.
1182 696 1317 749 1334,
1358 696 1433 738 ubi
1462 713 1548 739 non

95 762 282 817 ἔγκτασις
325 778 422 804 eum
462 761 712 816 Boeekhio,
768 761 844 804 sed
888 761 1077 816 ἔγκτησις
1118 763 1421 820 corrigendum
1467 771 1547 817 est,

95 830 223 871 sicuti
251 829 364 871 idem
402 845 482 888 pro
523 829 692 883 ἔγπησις
721 829 857 872 Phoc.
891 831 1027 884 1724,
1057 830 1113 885 b,
1159 831 1276 889 quod
1303 831 1550 873 Boeehhius

93 897 139 939 in
170 897 346 946 ἔππασις·
373 898 575 951 mutavit,
614 897 659 939 in
689 898 784 956 ipso
813 898 953 956 lapide
982 899 1142 956 legitur
1171 905 1278 941 teste
1310 899 1466 940 Rossio
1497 898 1549 940 ad

93 981 160 1007 nr.
179 966 260 1021 753
293 965 447 1008 deinde
480 965 725 1016 αὐτόκτητος
755 973 797 1008 et
825 965 1051 1016 Ἐπικτήτα
1080 965 1212 1008 Ther.
1245 967 1383 1020 2448,
1422 971 1550 1008 Φιλο-

93 1032 242 1083 κτήτας
270 1033 402 1075 Pind.
477 1033 756 1077 solummodo
796 1041 966 1092 praeter
1006 1034 1203 1076 fictitium
1239 1034 1546 1091 Byzantiorum

93 1101 312 1143 decretum
355 1102 467 1159 apud
505 1101 842 1144 Demosthenem
882 1101 934 1143 de
976 1118 1133 1144 corona
1175 1102 1361 1156 ἔγκτασις
1390 1101 1549 1158 legitur

93 1168 137 1210 in
168 1169 304 1211 titulis
337 1169 590 1226 Corcyraeis
621 1169 778 1227 optime
810 1169 987 1212 servatis
1017 1186 1083 1211 nr.
1101 1170 1243 1239 ,184L
1270 1170 1393 1213 1842.
1420 1170 1546 1222 1844,

91 1237 337 1285 Ἐπίκτατος
366 1236 411 1278 in
440 1236 631 1279 Phocico
662 1237 879 1279 Romanae
919 1236 1066 1279 aetatis
1106 1253 1172 1278 nr.
1207 1236 1261 1279 76
1290 1237 1346 1279 R.
1421 1237 1547 1279 Unde

91 1305 291 1347 nolumus
334 1304 654 1361 ambiguitatem
694 1305 905 1362 quandam
950 1304 1163 1361 genuinae
1202 1304 1381 1346 Doridis
1427 1304 1547 1346 colli-

91 1389 216 1430 gere,
263 1372 338 1414 sed
368 1388 419 1414 co
448 1372 655 1414 libentius
685 1372 1059 1430 hyperdorismum
1092 1372 1391 1429 agnoscimus,
1433 1372 1548 1429 quod

90 1441 218 1482 etiam
236 1440 490 1482 Boeotieum
515 1457 551 1482 ει
571 1439 617 1482 in
642 1441 721 1482 hac
750 1440 883 1498 stirpe
903 1440 1112 1483 Doricum
1134 1460 1157 1491 η
1189 1440 1411 1482 confirmat
1439 1439 1542 1489 (vid.

91 1509 145 1550 L.
168 1509 188 1550 I
218 1510 259 1562 ξ.
283 1510 363 1562 39,
391 1509 435 1559 2)
470 1517 511 1550 et
540 1508 656 1566 quod
685 1508 829 1561 κτέαρ,
864 1509 1030 1550 κτέανον
1061 1516 1102 1550 ct
1131 1507 1325 1550 lonicum
1356 1509 1547 1548 κτεέσθαι

92 1576 278 1618 radicem
307 1576 544 1634 antiquitus
576 1593 593 1617 ε
622 1575 824 1617 habuisse
852 1582 1078 1618 testantur.
1122 1603 1174 1609 —-
1242 1575 1402 1617 Eadem
1440 1575 1546 1616 ratio

91 1651 157 1686 est
195 1659 367 1697 eorum,
413 1660 521 1701 quae
550 1660 574 1685 a
601 1642 782 1698 χράομαι
810 1643 1093 1685 descendunt.
1166 1643 1393 1698 Leguntur
1432 1642 1545 1683 enim

90 1715 229 1768 χρῆμα
260 1719 301 1753 et
330 1711 556 1766 χρήσονται
587 1711 793 1765 He1·ael.,
837 1712 1097 1766 χρηματίζοι,
1137 1710 1302 1766 χρῄζω,
1341 1709 1544 1765 χρησμός,

90 1779 345 1835 χρηστήριον
371 1779 497 1821 Corc.
522 1778 647 1832 1845,
680 1779 822 1820 Rhod.
847 1779 972 1821 2525.
993 1779 1038 1832 b,
1069 1778 1202 1819 Ther.
1224 1778 1352 1831 2448,
1384 1778 1542 1834 Astyp-

91 1848 233 1901 24833
291 1847 471 1902 χρηστός
514 1847 638 1888 Chal.
682 1846 817 1900 1567,
862 1846 1023 1904 Delph.
1058 1845 1112 1888 67
1143 1846 1230 1898 R.,
1278 1844 1433 1901 Epieh.
1476 1845 1544 1896 16,

91 1915 195 1971 χρή,
243 1913 426 1969 ἔχρησα,
472 1917 624 1969 χρῆσις
668 1930 764 1955 eum
809 1913 905 1955 aliis
948 1913 1094 1954 multis
1137 1912 1248 1970 apud
1290 1912 1541 1953 Pindarum.

90 1983 208 2037 Nec,
241 1982 278 2023 si
307 1997 603 2041 comparemus
632 1983 778 2036 χρέος,
818 1983 956 2036 χρεία,
997 1980 1230 2038 optativum
1259 1982 1399 2034 χρείη,
1431 1979 1545 2021 Ioni·

91 2067 189 2094 eum
217 2051 417 2106 χρεέσθαι
447 2056 490 2091 et
520 2048 708 2104 ἀποχρέω
739 2050 853 2107 apud
876 2049 1016 2107 ipsum
1036 2049 1342 2106 Epieharmum
1373 2048 1426 2088 fr.
1447 2049 1542 2095 114,

92 2115 407 2171 dubitabimus,
453 2117 557 2175 quin
600 2117 640 2159 ei
681 2118 807 2174 stirpi
847 2115 1082 2173 antiquitus
1119 2114 1277 2156 vocalis
1317 2131 1334 2155 ε
1371 2115 1544 2172 propria

94 2185 237 2227 fuerit.
293 2210 344 2216 ——
403 2184 495 2226 Nec
535 2184 678 2226 minus
718 2185 800 2226 alia
840 2184 1047 2242 quaedam
1086 2183 1212 2224 verba
1249 2182 1458 2239 bisyllaba
1499 2181 1542 2222 in

96 2271 155 2295 αω
187 2252 384 2294 exeuntia
430 2271 451 2302 η
493 2259 690 2305 servant,
737 2260 784 2294 ut
822 2269 845 2294 a
882 2252 993 2306 λάω,
1040 2253 1098 2291 λῶ
1137 2249 1402 2291 descendunt
1438 2252 1543 2301 λῆμα

95 2321 224 2362 Pind.
260 2329 301 2361 et
330 2320 591 2363 Laconicum
622 2324 710 2370 λῆϊς
750 2320 779 2361 i.
814 2337 852 2362 c.
885 2323 1004 2370 λῆσις
1034 2319 1119 2361 vid.
1150 2317 1191 2371 ξ.
1222 2319 1273 2371 9,
1305 2318 1359 2370 4,
1403 2333 1426 2357 a
1458 2316 1543 2364 ζάω

97 2388 232 2438 ζήσων
263 2387 415 2446 Epich.
450 2389 545 2430 149.
620 2388 734 2429 Tum
776 2388 905 2431 verba
948 2386 1171 2440 πιμπλάναι
1214 2392 1256 2426 et
1298 2384 1543 2437 πιμπράναι,

95 2471 279 2513 quorum
319 2455 482 2496 radices
522 2461 593 2496 πλε
629 2463 671 2497 et
706 2472 783 2510 πρε
825 2471 919 2497 esse
960 2454 1106 2496 multis
1147 2452 1319 2494 indiciis
1347 2451 1544 2508 proditur

96 2523 181 2566 vid.
214 2523 376 2564 Buttm.
410 2522 487 2564 Gr.
520 2523 562 2563 ll
592 2538 636 2579 p.
659 2524 768 2577 274,
807 2523 919 2580 apud
947 2522 1184 2564 Dorienses
1217 2539 1238 2570 η
1270 2525 1466 2571 servant,
1498 2524 1544 2558 ut

95 2593 247 2644 πίμπλη
283 2590 439 2647 Sophr.
473 2590 551 2642 49,
583 2590 804 2639 ἐνέπλησαν
835 2590 993 2647 Sophr.
1021 2590 1101 2641 30,
1133 2586 1290 2642 πληρὴς
1321 2585 1473 2642 Epich.
1497 2585 1541 2637 6,

96 2661 256 2708 πλῆθος
284 2657 425 2699 Rhod.
458 2657 592 2706 2525,
625 2656 667 2698 1).
713 2657 836 2699 2905.
879 2657 1006 2698 Corc.
1040 2656 1170 2704 1839,
1220 2669 1403 2711 quocum
1444 2668 1542 2694 con-

98 2725 231 2782 spirat
261 2725 511 2766 Boeotieum
543 2725 712 2772 πλεῖθος
752 2724 804 2765 L.
836 2724 856 2764 I
896 2725 937 2777 ξ.
970 2724 1047 2776 39,
1078 2724 1128 2774 2,
1177 2730 1217 2762 et
1256 2737 1279 2761 a
1314 2719 1542 2774 πιμπράναι

99 2792 347 2847 ἐμπρήσαντι
386 2792 558 2834 Heracl.
605 2792 653 2845 Ι,
682 2792 750 2834 97.
832 2791 991 2833 Contra
1029 2792 1187 2836 πλᾶθος
1224 2787 1382 2844 legitur
1422 2787 1538 2830 Cret.

1232 2872 1283 2913 9.
