1779 3079
217 184 316 233 404
558 180 596 239 §.
631 181 712 231 48.
783 183 857 229 De
892 181 1088 229 mitiore
1117 181 1310 230 Doride.

223 323 419 382 species,
462 335 572 378 quae
602 320 824 377 aliquanto
858 321 1030 379 saepius
1061 335 1157 361 cum
1187 317 1333 360 Attica
1363 316 1678 359 consuetudine

221 392 449 439 differunt,
482 388 857 446 pei-lustrabimus.

332 459 379 508 2)
438 455 714 513 Vulgaris
753 455 888 498 Doris
927 471 974 496 ca
1015 453 1202 495 mitioris
1242 452 1413 511 generis
1458 453 1624 511 species
1655 469 1679 494 a

222 525 349 568 nobis
389 524 655 581 appellatur,
703 539 787 580 qua
817 523 1013 581 plerique
1046 522 1286 564 Dorienses
1316 519 1679 578 Peloponnesiaci

221 609 319 635 cum
359 592 528 635 colonis
570 591 663 632 suis
703 599 801 648 post
832 590 1139 649 Olympiadum
1180 588 1349 630 initium
1383 587 1579 630 deductis
1610 587 1681 628 usi

221 669 349 715 sunt,
395 668 566 717 praeter
604 675 679 711 ea,
725 674 833 716 quae
861 658 1064 699 universa
1093 656 1230 698 Doris
1262 656 1506 698 communia
1534 655 1679 709 habet,

219 729 341 770 nulla
381 728 471 768 scre
503 726 700 783 graviore
730 742 777 767 re
807 726 859 767 ab
889 725 1071 766 Atthide
1113 723 1317 766 distincta
1363 741 1490 782 quam
1530 723 1682 766 tertiae

221 795 406 853 pluralis
437 793 682 852 imperativi
712 792 1092 835 terminationibus
1122 809 1202 832 ντω
1225 799 1266 832 et
1290 797 1381 832 σθω
1412 799 1459 832 ut
1479 790 1681 832 τυπτόντω

221 870 263 904 et
287 863 516 903 τυπτέσθω.
568 860 755 902 Vocales
789 877 830 901 εο
862 867 904 901 et
934 876 985 900 εω
1016 860 1272 916 plerumque
1304 875 1390 900 non
1422 860 1680 900 contrahun-

220 938 317 983 tur,
364 930 439 971 ubi
479 927 716 970 contractio
756 927 1022 980 admittitur,
1067 927 1113 967 in
1157 943 1203 967 ου
1236 933 1277 966 ct
1313 943 1342 965 ω
1373 925 1522 967 Attico
1563 941 1681 967 more

223 998 471 1039 coalescunt
501 995 589 1036 vid.
624 994 665 1047 ξ.
699 994 780 1049 26,
815 995 854 1037 5.
888 995 930 1037 6.
964 1020 1017 1026 -
1067 994 1163 1036 Jam
1196 993 1360 1051 singuli
1391 991 1545 1051 populi
1575 1008 1683 1034 enu-

220 1064 415 1106 merandi
448 1071 571 1105 sunt:

336 1129 625 1173 Corinthii
669 1129 739 1171 cui
778 1129 961 1172 dialecto
1006 1128 1301 1178 assueverint,
1344 1128 1390 1169 in
1432 1127 1684 1169 Corinthia-

223 1215 371 1242 corum
401 1205 780 1241 monumentorum
812 1198 933 1240 clade
964 1214 986 1239 c
1018 1197 1284 1240 coloniarum
1317 1196 1499 1253 lingua,
1532 1195 1685 1237 certis-

225 1267 334 1309 sime
366 1275 534 1316 tamen,
583 1266 823 1322 colligitur.
900 1265 1064 1307 Eadem
1096 1265 1210 1306 enim
1243 1264 1415 1305 dialecti
1445 1263 1553 1305 ratio
1584 1278 1683 1321 spe-

223 1342 361 1376 ctatur
391 1333 506 1391 apud
538 1333 836 1390 Corcyraeos,
884 1349 1066 1391 quorum
1107 1333 1282 1390 ling-uae
1322 1331 1426 1373 satis
1464 1331 1684 1374 luculenta

221 1410 501 1444 monumenta
531 1402 575 1442 in
607 1402 748 1443 titulis
782 1409 1037 1459 supersunt,
1078 1401 1122 1441 in
1154 1399 1516 1458 inscriptionibus
1548 1399 1683 1440 Acar·

223 1470 391 1512 uanicis
424 1477 465 1511 ct
489 1469 793 1523 Ambracicis,
826 1485 1011 1527 quorum
1043 1468 1272 1510 dialectum
1303 1484 1325 1508 e
1359 1466 1683 1509 Corinthiorum

225 1539 411 1581 coloniis
441 1554 642 1579 manasse
683 1554 811 1595 supra
851 1537 1062 1579 monitum
1099 1543 1165 1578 est
1205 1536 1247 1589 ξ.
1281 1537 1332 1588 1,
1366 1537 1417 1589 1,
1463 1542 1682 1593 postremo

224 1607 271 1649 in
311 1607 565 1648 universum
605 1606 718 1664 apud
752 1605 1076 1663 Syracusanos,
1124 1604 1176 1645 de
1217 1603 1376 1662 quibus
1415 1619 1515 1645 mox
1556 1603 1682 1661 plura

223 1674 432 1716 dicemus.

337 1742 727 1801 Megarenses,
780 1758 964 1800 quorum
1005 1740 1236 1783 dialectum
1280 1755 1332 1781 cx
1371 1737 1681 1795 Aristophanis

223 1810 586 1854 Acharnensibus
616 1819 657 1852 ct
688 1810 814 1852 titulo
845 1809 1012 1851 mediae
1051 1809 1200 1850 aetatis
1242 1809 1316 1852 (cf.
1348 1807 1389 1860 ξ.
1422 1807 1492 1861 47,
1524 1807 1570 1857 2)
1612 1821 1678 1846 nr.

226 1878 336 1920 1052
366 1880 581 1935 cognitam
613 1878 849 1931 babemus,
881 1894 979 1919 cum
1010 1877 1180 1919 colonis
1210 1874 1465 1932 Byzantiis,
1501 1873 1679 1914 Chalce-

225 1946 400 1999 doniis,
441 1946 802 1995 Mcscmbrianis,
853 1961 1037 2003 quorum
1076 1945 1272 2000 linguam
1304 1941 1430 1999 pauci
1461 1940 1577 1981 tituli
1609 1955 1680 1980 ex-

223 2013 390 2055 hibent.
470 2013 580 2054 Nnm
618 2013 925 2069 Byzantiorum
970 2013 1141 2054 decreto
1185 2009 1299 2067 apud
1338 2008 1680 2050 Demosthenem

222 2081 349 2122 fidem
382 2096 469 2122 non
501 2081 740 2122 habendam
772 2095 868 2121 esse
908 2079 1134 2120 docuimus
1175 2077 1214 2129 ξ.
1250 2078 1302 2130 2,
1334 2078 1402 2119 14.
1477 2076 1680 2117 Ceterum

224 2149 338 2207 apud
377 2149 715 2206 Aristophanem
755 2147 1030 2205 Megarensis
1069 2146 1293 2186 Laconum
1339 2152 1380 2185 et
1417 2143 1680 2186 Boeotorum

222 2233 340 2259 more
371 2220 392 2265 ζ
422 2217 467 2257 in
500 2219 547 2256 δῦ
575 2224 731 2264 mutat,
781 2215 826 2256 id
865 2214 981 2273 qnod
1024 2213 1075 2255 ad
1105 2212 1501 2270 pronuntiationem
1533 2211 1678 2267 plebe-

216 2285 310 2339 jam
340 2285 568 2326 retulimus
598 2284 756 2337 §.12‚
791 2284 843 2336 4,
894 2298 973 2324 nee
1007 2282 1278 2327 dubitamus,
1325 2280 1431 2338 quin
1471 2278 1555 2335 ipsi
1585 2278 1678 2320 Me·

223 2367 428 2410 garenscs
471 2356 492 2401 ζ
534 2352 804 2409 scripserint.
876 2351 926 2391 ln
965 2350 1103 2391 titulis
1136 2356 1177 2390 ct
1207 2349 1397 2405 ipsorum
1430 2355 1471 2388 ct
1500 2347 1677 2388 colono-

221 2436 316 2461 rum
348 2435 450 2461 casu
482 2420 595 2461 nihil
626 2425 814 2477 apparet.

333 2487 640 2544 Argolidis
678 2486 844 2527 incolae
875 2493 1042 2543 praeter
1071 2485 1192 2542 ipsos
1223 2483 1441 2542 Argix'OS,
1489 2481 1676 2524 Troeze-

222 2555 310 2604 nii,
374 2555 639 2611 Aeginetae,
703 2555 1045 2596 Hermioncnses
1088 2552 1318 2609 Dryopes,
1381 2549 1672 2591 Calaureatae.

223 2623 431 2664 Omnium
470 2623 665 2679 linguam
707 2638 729 2663 e
770 2623 875 2664 solis
914 2620 1271 2677 inscriptionibus
1303 2617 1500 2659 novimus
1531 2632 1674 2673 neque

222 2689 274 2729 iis·
318 2690 420 2731 satis
461 2690 698 2732 luculentis
730 2694 769 2743 ζῇ.
802 2691 858 2737 2.,
891 2690 942 2741 33
989 2705 1039 2729 ex
1081 2687 1208 2728 unico
1240 2687 1487 2727 Troezenio
1523 2684 1673 2726 mitius

220 2757 347 2799 modo
393 2757 576 2800 Doridis
620 2774 757 2816 genus
803 2755 1111 2815 cognoscitur,
1162 2770 1250 2796 nou
1293 2752 1528 2811 singularis
1573 2751 1673 2807 ejus
