1779 3079
240 191 338 241 358
574 189 617 248 §.
654 191 732 239 43.
807 192 880 238 De
915 188 1362 252 praepositionibus.

241 342 295 368 ex
323 324 501 382 antiqua
530 323 803 382 Delphorum
830 325 982 383 lingua
1013 326 1341 384 assumpserint.
1410 327 1614 368 Attamen
1653 326 1699 367 in

240 393 392 434 codem
432 392 802 450 Amphictyonum
844 394 1014 437 decreto
1052 395 1084 436 1.
1127 395 1181 437 18
1222 395 1413 449 περιὶέεῑεν
1453 401 1569 436 recte
1607 393 1700 451 legi

239 460 423 503 videtur.

352 526 402 583 4)
459 529 622 571 Dorica
661 530 996 588 praepositionis
1037 529 1142 584 πρός
1183 531 1320 573 forma
1361 538 1428 573 cst
1465 532 1584 572 ποτί
1625 536 1699 571 aut

240 612 318 654 per
348 611 570 654 apocopen
599 597 677 639 πὸτ
697 601 731 650 ⁴¹)
770 598 858 640 vid.
892 614 1036 656 supra.
1112 601 1272 652 Προτί,
1320 598 1439 657 quod
1468 597 1699 656 aliquoties

238 663 452 706 Doricum
483 680 581 707 esse
613 665 796 720 dicitur,
829 674 876 707 ut
905 667 957 708 ab
979 666 1218 724 Apollonio
1241 667 1293 709 de
1316 675 1430 724 synt.
1463 681 1507 723 p.
1529 665 1599 715 50,
1625 665 1698 719 23,

239 732 286 773 in
325 732 579 790 purioribus
620 733 801 776 Doridis
841 733 1036 775 sontibus
1080 750 1167 776 non
1205 734 1394 792 legitur,
1444 734 1702 775 Alcmanem

239 799 357 841 enim
398 800 454 842 fr.
487 800 542 843 36
574 802 665 853 (78)
706 801 870 858 epicam
914 800 1145 842 dialectum
1187 802 1400 843 imitatum
1441 800 1697 844 credideris.

238 866 341 909 Alia
371 875 514 909 tamen
544 870 682 910 forma
713 884 736 910 c
770 869 894 921 προτί
912 883 990 925 per
1010 869 1394 925 transpositionem
1416 876 1514 911 nata
1543 870 1702 922 πορτί

240 941 305 976 est
350 935 397 976 in
439 936 627 978 Creticis
667 936 811 977 titulis
850 935 978 978 3048.
1022 936 1149 978 3050.
1194 936 1316 979 3051.
1362 936 1499 989 3053,
1546 944 1588 978 et
1625 951 1702 994 per

239 1002 467 1044 elisionem
498 1003 621 1057 nopz'
652 1003 764 1046 3050
794 1005 909 1057 (ποτί
936 1011 1002 1046 cst
1031 1020 1099 1045 nr.
1132 1003 1260 1047 2557.
1293 1004 1418 1047 3047.
1452 1004 1589 1058 3051,
1631 1003 1702 1045 hic

238 1070 423 1112 sortasse
454 1072 565 1113 male
594 1088 673 1130 pro
703 1074 857 1125 πορτί).
917 1071 1080 1113 Mirum
1110 1072 1309 1126 videtur,
1350 1072 1468 1130 quod
1498 1072 1545 1113 in
1573 1070 1702 1113 titulo

238 1153 305 1179 nr.
337 1137 451 1180 2556
491 1139 596 1182 satis
636 1155 770 1198 purae
811 1139 986 1181 dialecti
1026 1140 1071 1182 in
1112 1140 1315 1193 πρόςτιμα
1351 1141 1383 1182 l.
1416 1140 1468 1184 81
1499 1138 1697 1196 vulgaris

237 1206 578 1263 praepositionis
610 1209 747 1250 forma
778 1206 1061 1265 conspicitur.
1123 1208 1233 1250 Nam
1265 1208 1311 1249 in
1342 1224 1410 1249 nr.
1442 1207 1570 1251 2554.
1588 1206 1701 1250 2557

239 1272 372 1326 πρός,
420 1276 536 1333 quod
577 1284 619 1319 et
656 1292 734 1334 per
781 1291 825 1318 sc
864 1282 906 1317 et
943 1275 989 1316 in
1030 1275 1281 1333 compositis
1314 1275 1488 1334 saepius
1517 1274 1696 1332 legitur,

238 1342 308 1383 vel
337 1341 540 1399 lapicidis
569 1344 639 1387 vel
670 1344 726 1386 iis
759 1343 835 1402 qui
864 1343 1039 1384 titulum
1070 1343 1339 1386 tradiderunt
1368 1343 1503 1384 tribui
1537 1350 1696 1400 potest.

242 1408 444 1451 Ceterum
475 1427 586 1469 quae
619 1411 675 1454 sit
704 1410 1008 1469 antiquissima
1038 1411 1170 1466 hujus
1196 1411 1534 1470 praepositionis
1563 1411 1700 1452 forma

240 1475 513 1520 Sanscritum
544 1479 692 1536 prati
724 1480 864 1521 docet.

355 1546 398 1597 5)
456 1545 546 1588 'Eu
583 1548 630 1590 in
668 1547 809 1590 titulis
851 1548 1000 1606 paullo
1043 1546 1366 1605 antiquioribus
1410 1553 1507 1588 ante
1537 1545 1702 1588 medias

240 1613 287 1654 in
318 1614 360 1667 ἔγ
389 1615 573 1657 transire
602 1617 736 1669 solet,
771 1623 817 1656 ut
847 1615 1149 1669 ἐγδικάξασθαι
1180 1614 1383 1664 Hcracl.,
1417 1615 1460 1668 ἐγ
1487 1616 1703 1669 Βακχιδᾶν

242 1680 377 1735 1850,
423 1681 470 1723 id
513 1683 630 1741 quod
675 1683 721 1725 in
764 1683 927 1725 Atticis
973 1699 1145 1740 quoque
1184 1682 1325 1724 titulis
1367 1681 1462 1723 fieri
1503 1689 1698 1738 constat3

240 1747 344 1789 item
373 1756 472 1792 ante
504 1750 718 1808 digamma
750 1751 795 1793 in
827 1752 1131 1804 ‹37thy191'0112u
1161 1749 1337 1792 Heracl.
1371 1749 1417 1799 I,
1452 1750 1550 1793 104.
1613 1749 1700 1791 Ra-

241 1815 331 1857 rior
360 1825 427 1858 est
456 1833 673 1861 consonae
704 1820 750 1860 in
782 1819 1010 1877 aspiratam
1041 1819 1249 1872 mutatio,
1294 1833 1422 1875 quam
1452 1817 1700 1860 Boeckhius

240 1883 287 1923 in
317 1884 547 1938 ’ὑπέχθηται
578 1895 619 1928 ct
649 1887 926 1941 ὑπεχθέσιμος
958 1885 1076 1927 Cret.
1108 1886 1220 1928 2556
1260 1894 1375 1927 recte
1404 1885 1582 1942 agnovit
1611 1885 1699 1926 He·

242 1951 470 2006 sychianas
499 1953 704 2010 quasdam
737 1953 903 2009 glossas
935 1968 1216 2010 comparans:
1249 1952 1488 2007 ἐχθειάσας,
1522 1951 1699 2006 ἐχθύσαι

242 2026 284 2058 et
314 2018 517 2076 ἑχθύσσῃ.
550 2046 604 2051 -
655 2020 875 2061 Creticum
907 2028 1127 2077 praetcrea
1158 2020 1397 2061 secundum
1428 2019 1698 2076 Hesyclnium

243 2092 309 2126 est
351 2085 507 2127 ε”λλι-σιν
549 2104 626 2145 pro
667 2088 828 2128 ἔκλυσιν
865 2103 943 2144 per
984 2102 1137 2128 novam
1174 2087 1388 2146 quandam
1420 2087 1697 2129 assimilatio-

241 2168 355 2195 nem.
419 2153 631 2212 Compara
661 2155 772 2212 apud
804 2154 990 2196 cundem
1021 2156 1198 2205 ἕττῶν,
1234 2156 1277 2195 ἐκ
1308 2158 1400 2195 τῶν.

354 2222 399 2272 6)
457 2222 801 2279 praepositionis
833 2225 889 2270 εἰς
919 2221 1220 2279 antiquissima
1252 2224 1386 2264 forma
1417 2224 1502 2270 ἐνς
1536 2221 1589 2263 ab
1613 2222 1697 2263 Ar·

245 2288 358 2345 givis
397 2297 439 2330 ct
484 2288 768 2332 Cretensibus
810 2297 974 2332 servata
1014 2290 1152 2332 fuisse
1192 2291 1403 2344 traditur,
1450 2305 1695 2348 quanquam

287 2427 323 2467 4)
373 2426 540 2460 Euslatli.
571 2428 669 2467 1106,
695 2427 751 2461 20.
800 2425 819 2470 ἦ
847 2428 881 2459 δὲ
907 2431 987 2460 non
1013 2428 1179 2472 πρόθεσις
1207 2447 1246 2451 -
1274 2429 1330 2460 καὶ
1355 2426 1548 2469 annalista
1572 2426 1612 2461 τὸ
1635 2429 1696 2471 τῆς

241 2482 447 2520 ι’πὲκτάσῑως
470 2483 556 2516 ἰῶτα
580 2486 759 2527 Δωρικῶς,
799 2483 840 2520 ὡς
865 2485 898 2516 ἐν
922 2488 968 2527 τῷ
994 2488 1173 2519 ποταίνιον
1199 2485 1235 2517 τὸ
1263 2485 1460 2531 πρόςᾳατον
1494 2503 1535 2508 -
1574 2486 1631 2518 καὶ
1661 2485 1696 2518 fi'v

240 2539 289 2583 *th
313 2539 463 2584 πόταγε,
499 2539 584 2587 ὅπερ
608 2542 673 2574 ἐστὶ
702 2540 847 2587 πρόςαγε
876 2544 929 2575 καὶ
960 2543 993 2575 ἰν
1017 2547 1062 2587 τῷ
1088 2547 1257 2576 ποτιῦπιιν
1287 2544 1378 2587 (leg.
1405 2542 1582 2584 πότωπον)
1618 2541 1695 2587 ἤτοι

241 2597 423 2643 πρόςωπον
457 2598 544 2631 κατὰ
582 2600 741 2644 ,βορρᾶν
777 2601 825 2631 ἔτι
857 2601 890 2632 m·
923 2614 978 2633 και
1012 2601 1274 2642 ¹110root‘list'p‘umg
1308 2601 1482 2645 ἐκφέρεται
1514 2598 1694 2639 συμφώνου

241 2655 473 2697 ι’παγομιίὀι·,
503 2655 545 2693 ὡς
570 2657 602 2688 ἰν
628 2659 672 2699 vj
699 2655 767 2689 πὸτ
791 2659 838 2700 τῷ
863 2657 944 2695 Διός
972 2676 1010 2682 -
1039 2657 1056 2689 ὅ
1085 2662 1140 2691 καὶ
1165 2658 1251 2691 asro
1277 2658 1424 2702 γλώσσης
1438 2658 1589 2702 Δωρίδος
1612 2657 1692 2692 ἱστί’.

242 2732 282 2738 —-
336 2714 513 2747 Doricum
549 2715 628 2746 ποτέ
663 2723 964 2749 commemoratur
998 2717 1092 2752 Anu.
1129 2719 1228 2749 Uxx.
1267 2717 1304 2755 1,
1332 2718 1421 2757 351,
1448 2716 1513 2754 22,
1551 2715 1611 2750 Et.
1639 2715 1691 2749 M.

238 2771 326 2811 1555,
354 2772 416 2810 21,
456 2772 510 2805 1¹21.
543 2771 587 2806 G.
612 2773 691 2814 «177,
718 2773 762 2807 32
787 2780 856 2806 etc.
