1779 3079
199 166 301 219 398
537 166 578 227 §.
612 166 692 218 47.
763 168 838 216 De
873 167 1098 216 universa
1132 168 1333 217 Doride.

201 305 289 348 sint
327 303 492 358 aliena,
540 303 657 357 ἴσαμι
690 318 768 362 pro
798 301 891 345 οἶδα
920 318 1064 346 errore
1095 303 1279 361 quodam
1311 303 1441 346 unius
1470 304 1653 348 Doridis

198 374 347 416 fletum
377 380 458 415 est.
500 396 554 403 —
613 370 990 430 praepositionum
1021 387 1238 431 apocopae
1269 372 1490 432 antiquior
1518 372 1654 415 Doris

199 457 287 484 non
325 441 469 483 minus
505 440 698 484 assuevit
735 456 864 498 quam
905 456 1054 482 omnes
1084 440 1263 483 Aeolcs.
1324 441 1463 483 Multa
1493 440 1653 483 Doridi

197 509 434 568 peculiaria
465 516 566 551 sunt
596 509 642 551 in
670 507 971 550 adverbiorum
1003 509 1276 550 formatione.
1351 510 1477 563 Quae
1518 525 1654 568 quum

196 578 425 620 maximam
454 585 618 636 partem
658 576 711 619 ad
755 576 974 618 literarum
1005 577 1266 620 mutationes
1295 577 1450 620 referri
1481 577 1655 635 possint

195 649 263 697 (ut
292 648 362 687 πεῖ
385 646 457 688 vel
486 648 545 696 πῆ
572 661 650 705 pro
679 648 761 688 ποῦ
789 670 844 675 —-
885 646 944 696 πᾷ
973 660 1052 701 pro
1082 648 1141 701 πῇ
1170 670 1226 675 —
1265 648 1359 695 71ng
1388 662 1466 704 pro
1495 647 1572 687 ποῖ
1597 669 1653 676 -

192 714 305 756 πόκα
334 731 412 774 pro
441 713 581 768 πότε),
613 728 860 773 quanquam
890 721 932 754 et
961 713 1007 754 in
1039 713 1107 754 his
1129 712 1369 756 Dorienses
1399 713 1653 771 antiquissi-

193 798 306 825 mam
338 783 520 825 formam
550 789 623 824 aut
651 781 848 823 tenuisse
879 787 950 821 aut
979 780 1125 821 minus
1154 780 1405 824 immutasse
1431 782 1652 834 videntur,

193 851 397 894 adverbia
428 860 572 893 tamen
612 849 658 891 in
699 851 732 888 03
771 848 917 890 locum
956 847 1097 889 unde
1137 848 1400 903 indicantia,
1450 865 1561 907 quae
1602 865 1655 891 ex

194 918 386 977 antiquis
417 916 619 960 ablativis
650 923 741 958 orta
771 923 897 969 sunt,
945 915 992 957 in
1030 915 1123 957 sola
1162 916 1328 958 Doride
1367 925 1548 959 aetatem
1587 924 1653 958 tu-

191 988 352 1031 lerunt.

305 1076 425 1118 Haec
454 1074 730 1134 potissimum
755 1082 882 1130 sunt,
926 1075 1085 1134 quibus
1117 1077 1319 1119 universa
1337 1077 1469 1119 Doris
1500 1076 1654 1119 distin-

193 1146 359 1204 guitur.
435 1143 608 1198 Quibus
647 1144 905 1201 comparatis
937 1144 1184 1201 intelliges,
1235 1161 1362 1203 quam
1396 1145 1569 1188 difficile
1601 1145 1658 1187 sit

192 1229 285 1256 eam
315 1212 580 1272 peculiarem
611 1211 797 1253 Doridis
827 1212 1045 1266 indolem,
1088 1229 1196 1269 quae
1227 1213 1273 1254 in
1306 1213 1514 1256 orationis
1548 1229 1656 1256 sono

190 1290 414 1335 versatur,
459 1295 605 1334 nunc,
653 1296 784 1337 quum
816 1280 964 1322 vivum
994 1296 1041 1322 os
1072 1279 1284 1323 Doricum
1319 1282 1448 1335 silet,
1496 1282 1655 1324 descri-

190 1350 312 1392 bere.
385 1349 526 1392 Multo
570 1348 688 1390 enim
733 1349 902 1390 minore
946 1356 987 1390 et
1031 1348 1243 1390 vocalium
1283 1356 1324 1390 et
1364 1365 1654 1392 consonarum

193 1417 446 1461 discrimine
478 1416 683 1458 universa
704 1415 838 1458 Doris
870 1415 1159 1474 distinguitur
1188 1433 1314 1474 quam
1345 1417 1415 1459 vel
1440 1417 1656 1460 Lesbiaca

193 1487 404 1530 dialectus
444 1485 515 1528 vel
558 1484 782 1526 Boeotiea.
855 1484 1043 1541 Antiqui
1074 1484 1350 1537 πλατειασμόν
1378 1484 1655 1543 potissimum

191 1555 382 1599 Doricae
412 1553 783 1613 pronuntiationis
814 1560 1019 1594 notarunt
1042 1553 1101 1607 ¹),
1146 1553 1191 1593 in
1230 1553 1452 1610 frequenti
1490 1553 1656 1596 vocalis

192 1643 219 1666 α
248 1641 331 1666 usu
361 1622 580 1682 positum,
612 1621 775 1680 quippe
806 1620 923 1679 quod
952 1621 1102 1678 patulo
1132 1636 1206 1663 ore
1226 1621 1495 1679 proferatur,
1528 1629 1656 1680 atque

192 1709 244 1737 eo
276 1707 406 1750 grave
437 1690 545 1749 quid
576 1698 618 1732 et
648 1688 963 1746 grandisonum
995 1688 1105 1731 effici
1136 1705 1225 1730 non
1254 1696 1415 1731 temere
1440 1689 1656 1732 existima-

191 1770 309 1804 runt.
369 1761 431 1802 At
472 1776 498 1800 α
535 1757 648 1801 illud
685 1758 1032 1816 frequentatum,
1080 1763 1122 1798 et
1150 1757 1279 1798 breve
1309 1764 1350 1798 et
1380 1758 1655 1814 productum,

191 1829 350 1872 Doridi
381 1843 471 1870 non
502 1834 569 1869 est
597 1826 845 1884 peculiare,
877 1825 955 1867 sed
984 1825 1058 1867 vix
1088 1824 1227 1867 rarius
1257 1824 1303 1866 in
1336 1825 1542 1867 Boeotica
1570 1825 1657 1866 dia·

192 1898 307 1941 lecto
337 1903 513 1955 apparet
542 1903 584 1938 et
621 1893 873 1952 ubicunque
913 1894 1087 1951 priscus
1127 1909 1233 1935 usus
1273 1891 1527 1950 religiosius
1566 1907 1657 1933 ser-

241 2120 277 2160 l)
324 2116 485 2152 Theocr.
512 2115 604 2158 XV,
629 2117 674 2152 SS
707 2115 754 2150 de
779 2115 1002 2151 mulieribus
1031 2116 1201 2150 Doricis:
1240 2113 1399 2161 rptv21c32·ze
1432 2113 1659 2148 ἐκκναισεῖ-ιτι

194 2174 479 2210 πλατειοίσὸοισαι
502 2172 666 2213 ἅπαντα,
705 2174 768 2208 ubi
806 2174 969 2208 scholia:
1008 2174 1114 2219 ἤγουν
1147 2172 1363 2220 Δωρίζοισαι
1397 2171 1515 2206 πάντα
1545 2192 1588 2197 -
1626 2171 1659 2207 οἱ

194 2233 262 2280 γὰρ
287 2234 428 2280 Δωριεῖς
453 2234 736 2273 πλατυστομοῦσι,
759 2231 798 2266 τὸ
825 2234 847 2265 ἆ
873 2230 1126 2270 πλεονάζοντες.
1175 2231 1343 2265 Eundem
1368 2230 1487 2264 locum
1506 2229 1659 2274 respicit

196 2292 452 2335 Hermogenes
477 2291 523 2324 de
548 2291 604 2324 Id.
641 2302 676 2335 p.
704 2292 782 2326 253.
820 2286 838 2323 ὁ
864 2289 931 2336 γὰρ
960 2291 1141 2336 Θεόκριτος
1170 2288 1370 2331 ἀχθόμενόν
1393 2301 1471 2321 τινα
1495 2289 1658 2332 πεποίηκε

196 2349 427 2396 Δωριζ·ούσαις
451 2350 583 2392 γυναιξὶ
613 2348 671 2382 διὰ
704 2347 744 2382 τὸ
774 2347 960 2381 πλατύνων
984 2348 1046 2392 τὴν
1071 2348 1183 2393 φωνὴν
1207 2351 1253 2391 τῷ
1280 2350 1304 2380 (ἶ
1328 2345 1374 2380 τὰ
1398 2348 1543 2379 πλεῖστα
1564 2358 1658 2391 2912»-

195 2410 313 2449 μέναις
347 2407 394 2442 cf.
424 2407 570 2442 Scholl.
609 2427 652 2432 —
701 2407 867 2440 Demetr.
903 2405 950 2439 de
984 2406 1118 2440 elocut.
1156 2408 1185 2449 ς’.
1213 2408 1290 2440 177.
1332 2403 1372 2438 τὸ
1397 2405 1431 2438 δὲ
1457 2402 1602 2450 ὀγκηρὸν
1625 2403 1660 2436 ἐν

196 2467 309 2513 τρισὶ·
346 2464 561 2512 τραχύτητι,
596 2463 712 2509 μήκει,
749 2462 964 2507 maffia-n,
1005 2461 1076 2497 οἷον
1107 2462 1279 2509 βροντά
1315 2460 1391 2495 ἀντὶ
1426 2464 1487 2495 τοῦ
1517 2460 1658 2507 βροντή.

198 2525 256 2558 καὶ
279 2522 346 2571 γὰρ
370 2522 575 2569 τραχύτητα
599 2522 634 2556 ἓν,
657 2525 718 2567 τῆς
744 2523 914 2569 προτέρας
940 2523 1113 2566 συλλαβῆς
1144 2523 1213 2563 ἔχει,
1247 2521 1303 2553 καὶ
1339 2519 1372 2553 ἐκ
1408 2522 1469 2564 τῆς
1499 2520 1660 2565 δευτέρας

199 2585 305 2627 μῆκος
332 2582 392 2622 μὲν
427 2579 484 2615 διὰ
520 2579 584 2625 τὴν
615 2579 773 2627 μακράν,
811 2578 1018 2623 πλατύτητα
1050 2581 1085 2613 ὸὲ
1118 2579 1175 2613 διὰ
1201 2577 1261 2612 τὸν
1284 2576 1474 2623 Δωρισμόν.
1524 2577 1661 2610 πλατέα

201 2641 346 2674 λαλοῦσι
368 2639 436 2686 γὰρ
461 2638 581 2673 πάντα
605 2637 637 2672 οἱ
660 2638 810 2684 Δωριεῖς.
854 2657 891 2662 -
954 2638 1049 2672 Αιιη.
1075 2636 1200 2671 Bekk.
1239 2649 1274 2682 p.
1298 2637 1379 2671 662.
1416 2636 1508 2669 δοκεῖ
1528 2633 1596 2680 γὰρ
1621 2632 1662 2668 τὸ

203 2697 336 2745 Δώριον
360 2695 629 2744 ἀνδρωδέστερόν
651 2709 688 2730 τε
714 2690 799 2730 εἶναι
821 2699 892 2733 τοῖς
916 2696 1004 2737 βίοις
1036 2697 1092 2729 καὶ
1115 2694 1373 2740 μεγαλοπρεπὲς
1399 2696 1469 2731 τοῖς
1495 2691 1662 2735 φθόγγοις

205 2758 272 2790 τῶν
297 2753 470 2797 ὀνομάτων
493 2760 550 2790 καὶ
573 2758 621 2801 τῷ
644 2757 704 2800 τῆς
727 2757 838 2799 φωνῆς
860 2752 959 2798 τόνῳ.
