1779 3079
296 176 395 225 482
897 168 1157 236 Appendix.

299 313 342 353 δὲ
381 311 458 361 ἔξω
503 309 830 352 Πελοποννάσου
851 307 892 364 ⁵)
930 309 1282 361 Λακεδαιμονίοις
1322 306 1523 364 ξυμμάχοι
1559 309 1663 359 ἐντὶ,
1709 308 1750 349 ἐν

296 382 384 428 τοῖς
412 378 553 427 αὐτοῖς
582 377 802 420 ἑσσοῦνται
822 376 861 433 ⁶)
891 379 1054 432 τοῖςπερ
1095 379 1166 418 καὶ
1193 378 1257 418 τοὶ
1285 376 1634 429 Λακεδαιμονίοι·
1681 379 1752 417 καὶ

294 451 358 490 τοῖ
397 450 476 488 τῶν
516 446 719 501 ’Λργείων
759 444 961 501 ξυμμάχοι
999 447 1041 487 ἐν
1078 449 1132 498 τῷ
1174 443 1282 498 αὐτῷ
1311 443 1528 486 ἐσσούνται
1547 442 1588 499 ⁶)
1615 446 1748 497 τῷπερ

294 519 365 557 καὶ
403 519 466 557 τοὶ
501 514 716 570 Ἀργείοι,
760 513 833 555 τὰν
872 512 1003 555 αὐτῶν
1023 517 1059 562 3)
1099 513 1271 568 ἔχοντες.
1348 514 1393 554 αἰ
1431 513 1476 553 δέ
1509 529 1586 554 ποι
1623 528 1752 564 στρα-

294 585 403 633 τείας
426 584 465 640 7)
513 585 581 641 δὲῃ
621 585 788 633 κοινᾶς,
835 583 1112 636 βουλευέσθαι
1145 582 1506 634 Λακεδαιμονίους
1543 582 1615 622 καὶ
1643 579 1752 636 ’Λρ-

293 654 455 707 γείους,
501 652 585 704 ὁπᾷ
614 669 667 693 κα
697 651 937 693 ὁικαιότατα
967 651 1188 706 κρινάντας
1217 652 1304 698 τοῖς
1334 647 1577 705 ξυμμάχοις.
1639 650 1684 689 αἰ
1711 648 1758 689 δέ

292 738 372 762 τινι
399 722 473 761 τᾶν
501 722 654 762 πολίων
682 716 711 778 ᾖ
743 719 948 773 ἀμφίλογα
987 720 1014 769 ἢ
1050 722 1124 760 τᾶν
1165 717 1278 767 ε’ντός
1305 718 1333 768 ἢ
1361 720 1436 759 τᾶν
1469 715 1584 765 ἐκτὸς
1615 721 1754 759 Πελο-

292 788 528 840 ποννάσου,
574 790 657 830 αἵτε
685 791 778 843 περὶ
808 787 918 841 ὅρων
949 787 1032 827 αἵτε
1059 790 1154 839 περὶ
1185 786 1306 828 ἄλλου
1334 785 1444 834 τινὸς
1463 819 1476 836 ,
1526 786 1752 839 διακριθῆ-

292 873 378 909 μεν.
440 858 485 897 αἰ
515 858 561 897 δέ
585 875 646 906 τις
675 859 754 897 τῶν
785 853 1000 909 ξυμμάχων
1028 853 1147 903 πόλις
1177 853 1274 896 πόλι
1293 852 1333 908 8)
1364 855 1518 908 ἐρίζοι,
1563 855 1604 902 ἐς
1631 852 1751 895 πόλιν

293 926 454 978 ἐλθεῖν,
497 925 636 965 ἅντινα
667 925 761 965 ἴσαν
792 921 946 976 ἅμᾳοῖν
974 923 1064 971 ταῖς
1093 924 1282 965 πολίεσσι
1302 924 1337 974 9)
1368 921 1525 973 δοκοίη.
1593 921 1679 968 τοῖς
1709 921 1750 960 δὲ

293 992 404 1043 ε”ταις
434 991 561 1033 καττὰ
590 991 745 1047 πάτρια
776 990 1038 1040 δικαζέσθαι.

537 1298 663 1352 Vl.
713 1296 1089 1352 Laconica
1125 1295 1508 1362 quaedam.

685 1549 740 1591 1)
787 1550 857 1582 Ex
884 1548 1079 1591 Epilyci
1105 1546 1370 1581 coralisoo.

406 1645 572 1688 Ποττάν
603 1644 763 1696 κοπίδ’,
799 1647 897 1695 οἰοῖ,
933 1644 1085 1697 σώμαι.

403 1714 710 1768 Ἐναμυκλαῖον
740 1713 846 1769 παρ’
876 1712 1064 1755 Ἀπέλλω

334 1904 370 1944 5)
420 1900 696 1940 Πελοποννάσω,
719 1902 842 1946 Popp.
868 1901 1138 1935 Πελοποννάσου
1162 1911 1183 1934 e
1208 1899 1316 1933 bonis
1341 1898 1460 1933 libris.

332 1968 370 2007 6)
419 1966 594 2009 ἐσοῦνται,
622 1967 745 2012 Popp.
773 1979 793 2000 e
820 1966 928 2001 bonis
953 1966 1064 2000 libris
1089 1966 1280 1999 ἑσσοῦνται.

335 2033 371 2071 7)
420 2031 508 2064 boni
536 2031 626 2065 libri
653 2032 755 2066 Cass.
781 2032 878 2074 Aug.
904 2032 1042 2069 δέσποι,
1065 2030 1164 2063 unde
1188 2031 1224 2063 δέ
1249 2040 1325 2066 ποις
1349 2027 1531 2073 suspicari
1558 2027 1645 2062 licet
1671 2026 1747 2061 vid.

287 2090 315 2133 §.
342 2091 408 2132 44,
435 2092 475 2133 73
513 2092 678 2136 στρατιᾶς
702 2089 748 2122 ab
773 2088 943 2122 Haackio
969 2087 1199 2122 emendatum
1223 2092 1290 2121 est.

333 2157 370 2198 8)
418 2154 519 2188 πόλει
543 2155 567 2198 †
591 2155 620 2198 §.
650 2156 713 2196 22,
740 2155 773 2189 3.

333 2219 370 2262 9)
418 2219 572 2261 πολίεσι,
599 2218 700 2261 quod
726 2229 746 2251 e
772 2217 879 2250 bonis
905 2216 1014 2250 libris
1039 2215 1282 2250 correximus.

335 2301 370 2340 l)
418 2301 551 2335 Athen.
578 2298 650 2341 IV,
678 2299 755 2333 140.
782 2298 815 2331 A
841 2295 1025 2340 (Meinek.
1053 2296 1189 2331 Comm.
1216 2295 1304 2330 Grr.
1331 2295 1370 2329 11
1395 2306 1428 2340 p.
1455 2295 1540 2338 887)
1567 2295 1747 2328 κοπιδοιω-

287 2369 418 2398 σωμαι,
445 2358 544 2401 quod
571 2356 738 2403 correxit
761 2355 962 2399 Bergkius.
988 2354 1134 2397 cs.§.42
1159 2365 1186 2388 s.
1210 2365 1242 2387 ν.
1270 2354 1387 2394 οἴομαι
1411 2358 1447 2387 et
1470 2355 1593 2393 σῶμαι.
1644 2353 1708 2388 Vs.
1725 2353 1748 2386 2

286 2416 514 2456 ἐναμυκλαῖον
539 2426 587 2449 ex
614 2415 753 2449 Aldina
778 2413 979 2455 tenuimus,
1016 2432 1058 2437 —
1096 2413 1141 2446 cf.
1178 2412 1225 2447 de
1255 2410 1410 2446 Ἀπέλλω
1443 2422 1513 2456 pro
1542 2409 1748 2445 Ἀπόλλωνα

286 2475 315 2517 §.
343 2476 399 2515 17,
425 2474 447 2508 4
481 2479 517 2507 et
551 2474 580 2515 §.
607 2475 674 2515 30,
701 2475 735 2508 9.
783 2471 923 2517 Apollo
958 2481 1031 2503 non
1062 2469 1181 2504 minus
1215 2477 1318 2504 recte
1342 2470 1568 2509 ἐναμυκλαῖος
1594 2474 1746 2503 vocatur

287 2542 395 2574 quam
421 2542 441 2564 a
465 2531 651 2565 Pausania
675 2530 756 2573 111,
784 2531 846 2572 19,
876 2531 918 2564 16
938 2526 1144 2569 Ἀμυκλαῖος
1167 2536 1202 2564 et
1229 2539 1249 2562 a
1274 2528 1517 2572 Theopompo
1542 2525 1640 2570 apud
1661 2525 1745 2560 Ath.

286 2589 359 2628 Vi,
387 2589 465 2623 232.
490 2590 522 2622 A
555 2587 573 2622 ὁ
607 2589 641 2622 ἐν
669 2587 857 2628 Ἀμύκλαις
882 2585 1062 2621 Ἀπόλλων
1095 2587 1139 2620 cs.
1166 2586 1328 2632 Lysistr.
1360 2586 1449 2620 1299
1478 2583 1539 2618 τὸν
1559 2583 1745 2624 Ἀμύκλαις

277 2635 441 2680 ’Λπόλλω
468 2645 548 2680 σιόν.
596 2646 637 2681 Si
663 2658 794 2680 novum
822 2645 1063 2691 compositum
1086 2647 1167 2688 jure
1194 2643 1432 2689 displiceret,
1458 2641 1520 2677 τὸν
1539 2640 1746 2681 Ἀμυκλαῖον

284 2704 401 2738 scribi
440 2711 575 2748 posset.
638 2706 670 2738 A
698 2705 885 2739 Laconica
918 2703 1079 2737 dialecto
1114 2702 1276 2736 alienum
1311 2708 1367 2736 est
1391 2701 1424 2735 ἐν
1444 2698 1652 2740 Ἀμυκλαῖον
1676 2708 1745 2743 pro

282 2761 313 2799 ἐς
334 2761 558 2804 Ἀμυκλαῖον,
595 2768 633 2796 ut
666 2762 780 2805 vulgo
814 2761 1032 2796 Casaubono
1069 2767 1221 2795 auctore
1256 2760 1417 2804 legitur,
1453 2757 1529 2792 vid.
1556 2758 1586 2801 §.
1615 2757 1680 2801 43,
1707 2757 1740 2791 6.
