1779 3079
432 218 473 277 §.
508 219 586 266 40.
659 217 732 263 De
769 215 916 261 verbo
950 215 1047 272 εἰμι’.
1375 210 1473 259 319

30 354 171 395 forma
202 360 396 395 utuntur.
469 349 721 409 Epicharmi
752 349 1036 404 fragmentum
1070 348 1178 398 151,
1224 345 1299 387 ubi
1331 345 1367 385 εἴ
1394 352 1473 385 tra-

33 422 173 470 ditur,
206 429 278 462 aut
308 427 556 478 corruptum
585 426 658 460 aut
690 416 883 474 spurium
909 416 1194 470 judicandum
1224 421 1305 468 cst,
1337 429 1390 454 ne
1421 410 1476 459 εἷς

32 489 207 547 quidem
237 488 393 530 Doridi
423 488 627 529 usitatum
657 486 795 526 fuisse
824 483 1006 524 videtur.

143 556 296 613 Sing.
329 557 369 597 3.
431 555 544 595 ἐστι’
574 552 735 609 ubique
766 551 811 591 in
851 550 991 591 titulis
1029 550 1190 606 legitur
1227 557 1272 590 ut
1301 549 1473 590 Heracl.

30 624 102 677 ll,
133 625 212 677 80,
243 623 387 666 Rhod.
419 621 544 664 2905.
580 621 713 661 Ther.
746 618 858 662 2448
889 625 998 670 ctc.,
1030 617 1143 673 apud
1174 617 1478 673 Epicharmum

30 692 100 733 23.
146 693 213 734 51.
254 691 324 733 90.
366 691 436 732 94.
477 689 548 732 95.
589 688 659 731 96.
705 687 800 730 100.
834 687 928 728 111.
965 686 1060 727 147.
1096 684 1189 726 150.
1226 684 1305 725 108
1349 684 1478 735 (male

32 757 147 799 enim
187 759 242 798 fr.
275 757 354 799 105
397 758 476 798 ἐντί
513 772 536 798 c
567 755 723 797 Roenii
769 755 1014 809 conjectura
1055 768 1131 810 pro
1175 752 1231 792 ἔτι
1260 759 1479 807 receptum

33 830 168 878 erat),
200 825 245 866 in
274 823 515 881 Lysistrata
544 839 585 864 v.
611 824 706 865 ¹143.
729 823 835 875 980,
868 824 913 863 in
935 819 1289 862 Acharnensibus
1319 836 1358 861 v.
1379 820 1475 861 704.

31 894 128 935 735.
174 893 257 935 738
292 900 402 945 ctc.,
449 892 494 933 in
536 890 862 933 Chelidonismo
901 888 1072 930 Rhodio
1114 905 1154 930 v.
1190 888 1256 929 lss.
1331 887 1480 928 Facile

33 961 160 1002 ctiam
193 961 238 1002 in
270 959 508 1002 Tarentino
541 958 760 1008 ἐστόκα,
794 957 917 999 ἐνιότε
946 957 1060 1014 apud
1088 955 1355 1013 Hcsychium
1384 955 1414 995 i.
1439 970 1477 995 c.

34 1027 122 1069 ἔστ’
170 1028 248 1069 ὅκα
291 1027 554 1086 agnoscitur.
629 1026 689 1068 At
733 1026 972 1082 Gregorius
1017 1023 1269 1066 Corinthius
1316 1040 1358 1080 p.
1398 1021 1481 1065 280

34 1095 177 1137 Dorcs
209 1097 288 1136 ἐντί
327 1095 491 1137 dixisse
530 1094 656 1136 tradit
694 1111 771 1152 pro
812 1095 911 1134 ἐστι’.
988 1092 1166 1134 Scilicet
1203 1090 1483 1132 Theocritum

34 1164 185 1220 procul
216 1163 349 1204 dubio
379 1163 594 1219 respexit,
640 1163 715 1220 qui
755 1178 846 1203 eam
887 1163 1065 1203 sormam
1104 1176 1189 1201 non
1225 1159 1367 1200 minus
1398 1159 1482 1201 sre-

35 1239 210 1287 quentat
244 1247 371 1289 quam
401 1229 874 1287 Pseudo-Pythagorei.
919 1228 1171 1269 Archimedi
1193 1243 1288 1268 raro
1308 1227 1484 1268 obtrusa

35 1305 128 1339 est:
162 1297 214 1339 de
245 1298 370 1339 Plan.
404 1297 519 1354 Acq.
552 1296 573 1337 I
602 1313 645 1354 p.
669 1298 695 1339 8
716 1298 803 1350 bis,
836 1299 969 1340 altero
998 1297 1094 1337 loco
1125 1295 1349 1336 codicibus
1367 1294 1481 1335 Ven.

36 1373 78 1407 et
107 1365 225 1407 Flor.
260 1366 346 1405 ἐστι’
373 1365 708 1422 praebentibus,
739 1365 791 1406 de
822 1364 986 1418 Quadr.
1019 1363 1174 1404 Parab.
1207 1380 1250 1419 p.
1270 1364 1324 1405 28
1346 1370 1387 1404 ct
1413 1362 1483 1415 30,

37 1433 89 1475 de
127 1433 253 1474 Plan.
295 1434 409 1490 Acq.
451 1450 493 1490 p.
527 1433 581 1475 46
613 1432 680 1473 bis
712 1440 752 1474 ct
782 1449 824 1490 p.
859 1433 940 1486 50,
987 1431 1039 1473 dc
1080 1430 1265 1473 Conoid.
1310 1447 1353 1488 p.
1385 1430 1483 1473 265.

36 1502 134 1543 274.
165 1501 262 1543 287.
336 1500 588 1542 Scxccnties
618 1507 768 1542 contra
800 1501 888 1540 ἐστι’
917 1500 1010 1541 sine
1042 1498 1155 1540 varia
1186 1498 1373 1540 lectione
1404 1505 1486 1539 tra-

38 1568 174 1609 ditum
214 1576 302 1622 cst,
347 1585 479 1625 quare
516 1584 650 1626 pauca
689 1568 766 1610 illa
795 1583 912 1609 mero
942 1567 1217 1609 librariorum
1248 1566 1383 1607 errori
1412 1567 1486 1608 tri-

38 1636 171 1677 bucre
213 1652 300 1677 non
340 1636 602 1677 dubitamus.
649 1662 704 1668 —-
763 1634 906 1688 Quum
949 1635 1084 1692 igitur
1120 1643 1270 1676 nostro
1303 1635 1403 1690 jure
1442 1633 1488 1675 in

38 1703 153 1744 libro
182 1703 320 1759 primo
349 1719 392 1760 p.
418 1704 501 1746 282
533 1704 795 1760 singularem
827 1704 908 1743 ἐντί
938 1703 990 1743 ab
1022 1702 1199 1759 antiqua
1229 1709 1270 1743 ct
1299 1702 1490 1758 genuina

40 1770 205 1812 Doride
245 1770 474 1812 abhorrere
515 1772 872 1823 affirmasscmus,
919 1770 1125 1812 Franzius
1158 1777 1306 1811 noster
1331 1770 1376 1810 in
1408 1769 1490 1810 uti-

40 1838 210 1879 lissimo
241 1837 353 1880 libro
385 1840 437 1879 de
468 1838 759 1896 Epigraphice
792 1839 955 1880 Graeca
985 1838 1231 1879 Philolaum
1263 1837 1387 1879 uobis
1417 1852 1490 1894 op-

40 1905 202 1963 posuit.
281 1904 419 1961 Cujus
462 1906 715 1962 fragmentis
754 1922 998 1963 quanquam
1039 1907 1085 1946 in
1115 1906 1246 1947 rebus
1276 1905 1329 1946 ad
1359 1905 1490 1946 diale-

42 1980 157 2014 ctum
195 1973 515 2030 pertinentibus
554 1974 672 2015 nulla
717 1975 806 2015 fere
847 1974 1076 2016 auctoritas
1120 1972 1300 2015 concedi
1330 1981 1490 2032 potest,

43 2041 88 2082 id
118 2041 235 2097 quod
264 2041 405 2082 virum
435 2041 526 2082 vcri
558 2041 901 2083 amantissimum
931 2049 1030 2099 post
1066 2043 1144 2083 hos
1175 2049 1343 2083 nostros
1373 2041 1491 2083 labo·

43 2123 112 2148 res
159 2115 202 2149 et
243 2108 563 2151 intellecturum
607 2117 647 2151 ct
684 2109 870 2151 libenter
909 2110 1208 2151 confessurum
1250 2125 1490 2166 speramus,

45 2181 228 2216 attamen
258 2176 389 2217 telum
419 2176 466 2217 in
497 2192 577 2218 nos
607 2177 849 2232 conjectum
889 2184 1138 2235 retorquere
1176 2177 1295 2218 licet.
1372 2176 1492 2230 Quid

45 2242 186 2296 enim,
231 2242 269 2283 si
311 2244 390 2283 ἐντί
429 2259 506 2301 pro
546 2246 631 2285 ἐστι’
672 2261 885 2301 nusquam
925 2246 1038 2302 apud
1070 2245 1314 2286 Philolaum
1344 2244 1492 2302 aliquo

41 2309 142 2366 jure
184 2309 343 2350 editum
387 2310 474 2351 sit?
533 2311 717 2368 Legitur
759 2314 838 2353 ἐντί
866 2314 978 2369 apud
1009 2313 1278 2354 Boeckhium
1307 2311 1494 2368 primum

44 2394 89 2434 p.
112 2377 167 2419 66
196 2377 242 2417 in
262 2377 518 2432 fragmento,
550 2380 664 2435 quod
689 2388 914 2421 servarunt
932 2380 1146 2422 Stobaeus
1165 2379 1261 2420 Ecl.
1294 2379 1314 2419 Ι
1346 2394 1390 2435 p.
1409 2377 1493 2420 460

45 2445 177 2486 Heer.
210 2451 251 2485 et
282 2443 573 2487 Nicomachus
603 2447 751 2489 Harm.
786 2448 806 2488 I
836 2463 880 2504 p.
913 2448 996 2502 173
1028 2447 1098 2488 hic
1128 2462 1220 2487 eam
1251 2446 1390 2503 ipsam
1418 2461 1492 2486 vo-

46 2527 138 2554 cem
170 2511 341 2554 omittit.
403 2513 558 2554 Paullo
597 2522 694 2571 post
732 2514 817 2555 ἔστι
847 2514 940 2556 sine
969 2513 1083 2555 varia
1113 2512 1301 2555 lectione
1331 2512 1492 2554 editum

48 2586 128 2621 est.
188 2579 361 2621 Deinde
390 2595 433 2636 p.
465 2581 542 2623 139
560 2581 612 2621 Β.
645 2581 690 2622 in
721 2583 987 2638 fragmento,
1018 2580 1135 2638 quod
1164 2596 1295 2636 quum
1327 2595 1351 2620 a
1381 2578 1491 2621 Can-

47 2646 210 2688 teriana
241 2646 418 2689 Stobaei
448 2647 641 2697 abesset,
688 2648 872 2705 primuni
910 2648 1072 2690 editum
1104 2654 1168 2688 est
1196 2647 1242 2688 in
1274 2646 1488 2691 Ohservv.

47 2713 177 2755 Misc.
212 2712 321 2755 Crit.
354 2714 465 2767 VII,
500 2715 521 2756 1
567 2731 609 2772 p.
645 2717 748 2766 184,
795 2716 950 2758 deinde
980 2716 1032 2756 ab
1064 2714 1281 2756 Hecrenio
1311 2714 1332 2755 I
1369 2731 1413 2772 p.
1447 2716 1489 2764 8,

48 2780 127 2820 ἐντί
155 2787 221 2823 est
250 2782 364 2839 apud
393 2782 534 2832 hunc,
582 2784 687 2824 ἐστίν
715 2783 762 2824 in
794 2783 927 2826 Obss.
958 2783 1117 2838 Μίδα,
1162 2799 1205 2841 p.
1238 2783 1315 2824 141
1349 2781 1402 2824 Β.
1443 2782 1489 2824 in
