1779 3079
339 197 381 258 §.
419 199 499 248 20.
569 200 643 246 De
677 218 704 254 η
739 213 825 259 pro
861 217 897 243 a
930 206 976 244 et
1015 216 1046 242 ω
1082 212 1168 259 pro
1204 216 1268 243 ου.
1434 195 1527 245 153

89 332 236 383 Pind.,
267 332 401 388 λήγω
417 332 560 376 Rhod.
577 333 702 376 2905.
719 331 869 389 Pind.,
901 330 962 382 μή
991 331 1170 389 ubique,
1201 331 1380 381 ,Μῆδοι
1396 331 1525 373 Pind.

90 400 312 451 Timocr.,
354 401 567 451 ῘΡΙήὸεια
595 400 752 452 Pind.,
796 398 1030 450 μήδομαι
1059 406 1100 439 ct
1128 399 1314 440 derivata
1343 399 1470 440 Pind.

202 471 298 521 μῆ).
315 487 362 519 α,
396 484 548 526 pecora
577 467 745 516 (Bocot.
768 464 899 522 μεῖλα)
929 466 1041 523 apud
1062 465 1298 507 Pindarum
1324 483 1345 508 a
1367 467 1529 509 Boeck-

90 536 165 577 hio
196 551 249 578 ex
278 536 474 578 omnibus
503 534 628 577 libris
658 533 899 575 restitutum
931 540 996 574 est
1023 532 1074 572 P.
1103 533 1183 586 IV,
1217 535 1310 576 148.
1344 535 1427 587 ΙΧ,
1459 535 1529 589 66,

93 619 116 645 c
146 603 363 661 plerisque
394 603 542 644 saltem
580 608 622 643 et
648 602 823 659 optimis
854 599 924 643 Ol.
958 600 1070 654 Vll,
1101 600 1183 665 68,
1215 601 1294 653 80,
1338 603 1438 643 item
1479 619 1532 644 ex

91 671 293 713 omnibus
324 668 552 723 μηλοβότας
589 669 625 711 I.
658 670 704 718 l,
733 668 814 720 48,
860 666 1087 721 μηλόβοως
1125 667 1175 708 Ρ.
1211 667 1325 721 XII,
1356 671 1409 722 2,
1454 688 1532 721 μη-

92 737 246 789 λοδόκῳ
275 737 328 779 Ρ.
349 738 432 790 III,
463 737 540 786 27,
575 736 745 788 εὔμηλος
778 736 850 778 Ol.
868 735 949 789 Vl,
983 735 1088 789 100,
1119 735 1347 788 πολύμηλος
1376 737 1427 777 Ρ.
1447 738 1530 790 ΙΧ,

91 805 146 858 6,
191 820 321 861 quum
352 804 552 861 Heynius
581 805 832 862 plerumque
863 803 1026 861 primus
1055 802 1258 845 Doricam
1277 835 1289 857 ,
1333 820 1441 861 quac
1475 805 1533 845 vi-

90 871 296 925 debatur,
346 873 524 914 formam
569 871 818 914 invexisset.
893 870 1046 913 Restat
1087 870 1261 912 unicum
1305 872 1536 924 πολυμάλου

88 941 278 988 Σικελίας
311 939 384 981 Ol.
416 940 460 989 I,
495 941 573 993 12,
626 939 742 997 quod
770 940 825 980 'in
857 938 1057 981 omnibus
1088 938 1212 979 libris
1243 955 1338 981 csse
1368 940 1536 983 videtur

89 1014 216 1065 atque
248 1008 496 1049 Hermanno
527 1007 579 1048 de
610 1007 711 1048 dial.
744 1006 874 1048 Pind.
908 1023 950 1064 p.
976 1007 1032 1049 22
1061 1014 1102 1047 ct
1129 1006 1347 1049 Boeckhio
1377 1009 1429 1049 ad
1460 1009 1532 1051 Ol.

89 1074 181 1124 VI,
215 1075 296 1118 100
336 1075 532 1117 Aeolicis
563 1074 775 1131 rhythmis
804 1074 960 1115 melius
992 1073 1220 1115 convenire
1251 1075 1532 1119 existimatur.

89 1141 179 1183 Nos
205 1142 295 1197 jam
320 1143 524 1185 affirmare
552 1143 773 1194 audemus,
808 1159 832 1181 α
848 1141 892 1181 iu
915 1142 992 1182 hac
1014 1157 1117 1182 voce
1140 1156 1218 1183 nec
1234 1142 1443 1185 Doricum
1464 1161 1536 1186 ne-

90 1223 174 1266 que
187 1209 415 1251 Aeolicum
434 1226 528 1252 esse
545 1225 686 1267 neque
702 1208 782 1251 ulli
798 1208 1031 1250 carminum
1046 1208 1370 1252 Pindaricorum
1390 1213 1538 1269 generi

90 1285 252 1334 aptum,
288 1277 362 1319 scd
384 1278 715 1335 hyperdoricum
737 1284 778 1318 et
800 1276 988 1318 librariis
1008 1276 1214 1330 debitum,
1247 1293 1428 1334 quorum
1446 1295 1538 1321 cor-

89 1344 305 1387 rectiones
326 1345 372 1387 in
389 1345 542 1402 primis
563 1345 656 1387 odis
675 1343 894 1400 Olympiis
918 1343 1231 1400 frequentiores
1264 1352 1379 1398 sunt,
1412 1363 1537 1403 quam

89 1411 135 1453 i‘n
164 1412 347 1470 reliquis
376 1412 654 1455 carminibus.
727 1411 856 1465 Quod
888 1410 1143 1454 Eustathius
1182 1428 1225 1469 p.
1261 1412 1361 1465 877,
1393 1413 1444 1455 55
1487 1431 1540 1457 ex

90 1479 381 1537 Aristophane
421 1479 696 1539 grammatico
725 1480 881 1531 refert,
923 1478 1191 1520 Simonidem
1225 1479 1376 1521 bovem
1415 1485 1542 1534 μᾶλον

91 1546 215 1599 ἤγουν
259 1551 385 1599 μῆλον
425 1563 696 1605 nuncupasse
714 1577 726 1600 ,
784 1561 970 1588 errorem
1013 1546 1198 1603 aliquem
1241 1563 1290 1588 co
1333 1549 1541 1592 libentius

93 1629 305 1670 agnosco,
338 1616 451 1672 quod
482 1616 528 1657 in
554 1614 749 1671 ejusdcm
777 1613 1015 1656 testimonii
1042 1614 1298 1671 repetitione
1325 1619 1452 1668 μῆλον
1474 1617 1541 1659 Si-

92 1681 258 1724 monidi
285 1683 504 1724 tribuitur.

206 1749 438 1804 μην-ός,
482 1749 690 1792 mensis
733 1766 756 1791 a
795 1748 1059 1791 nominativo
1098 1748 1178 1801 μής
1207 1750 1276 1791 vel
1306 1753 1392 1802 μείς
1431 1752 1537 1804 (vid.

94 1816 135 1869 ξ.
167 1816 239 1868 31)
269 1815 414 1859 Rhod.
446 1818 573 1871 2525,
606 1818 650 1859 l).
699 1816 816 1859 Cret.
849 1817 961 1860 2556
993 1825 1074 1858 etc.
1116 1817 1172 1857 cf·
1207 1816 1341 1859 Lesb.
1375 1823 1539 1871 μῆνιός,

94 1883 245 1938 Bocot.
278 1884 477 1937 μειν-ός,
510 1885 606 1926 Lat.
640 1885 862 1927 mensis.
923 1883 1038 1926 Male
1063 1883 1196 1940 igitur
1217 1885 1267 1926 ab
1295 1886 1543 1932 Herodiano

95 1951 200 2004 (vid.
234 1959 323 1993 not.
357 1951 405 2008 6)
446 1952 608 1995 Dorice
647 1952 725 2005 μήν
755 1953 799 1994 in
831 1950 908 2005 μάν
936 1951 1091 1992 mutari
1122 1951 1306 2006 dicitur,
1354 1955 1428 1997 uhi
1457 1957 1542 1999 for-

94 2026 209 2061 tasse
237 2019 313 2074 χήν
333 2021 645 2062 restituendum
672 2028 751 2062 est.
813 2022 964 2073 μῆτις
992 2018 1141 2073 Pind.,
1173 2020 1364 2071 νήπιος
1394 2024 1541 2076 Pind.,

96 2092 176 2136 Νη
194 2103 215 2140 ρ
231 2086 316 2135 εύς
346 2088 476 2129 Pind.
494 2119 506 2141 ,
553 2092 642 2142 ξηρ
659 2087 679 2129 ό
695 2106 713 2136 ς
743 2087 1149 2141 Ηει·.ηο1.,”()μηρ
1165 2104 1217 2134 ος
1247 2088 1378 2131 Pind.
1396 2122 1409 2143 ,
1455 2110 1510 2134 πε
1529 2122 1543 2127 -

97 2152 280 2202 τεηνός
325 2155 479 2212 Epich.
526 2155 632 2209 103,
688 2155 976 2206 πηδάλιον,
1033 2156 1247 2205 πηκῖίς,
1306 2160 1540 2215 Πηλεύς,

99 2223 262 2271 πῆμα,
312 2221 548 2271 Πηνειός
587 2223 746 2276 Pind.,
795 2225 1027 2276 πρῆστις
1065 2221 1220 2278 Epich.
1254 2224 1332 2277 30,
1381 2230 1544 2276 σηπία

97 2287 254 2344 Epich.
286 2288 356 2337 32,
391 2291 591 2338 στῆθος
620 2290 769 2342 Pind.,
803 2289 972 2339 σωλήν
1002 2287 1156 2345 Epich.
1183 2290 1256 2344 23,
1289 2291 1444 2350 Sophr.
1470 2296 1539 2349 54,

97 2358 214 2403 τῆλε
256 2370 352 2396 cum
406 2356 609 2398 derivatis
654 2357 783 2398 Pind.
802 2388 814 2410 ,
873 2357 1039 2412 τηρέω
1082 2357 1240 2411 Pind.,
1303 2360 1543 2412 φάσηλος

97 2422 253 2480 Epich.
288 2422 394 2476 102,
438 2426 602 2477 χῆρυς
632 2423 787 2484 Sophr.
822 2425 890 2466 54.

739 2530 782 2584 ξ.
830 2531 900 2573 20.

517 2616 596 2647 Be
625 2627 644 2657 η
668 2624 756 2655 pro
780 2627 809 2647 ει
835 2619 883 2647 et
908 2627 931 2646 ω
956 2625 1045 2656 pro
1072 2628 1119 2648 ου.

213 2689 254 2744 l)
296 2689 509 2731 Monitum
542 2696 607 2731 est
634 2705 785 2746 supra,
819 2690 1115 2747 gravissimam
1139 2690 1316 2731 Doridis
1338 2706 1540 2747 generum

102 2757 342 2800 varietatem
375 2757 420 2798 in
450 2758 531 2799 hoc
561 2757 657 2799 loco
688 2757 907 2815 conspici,
937 2765 1097 2815 partem
1123 2757 1239 2799 enim
1261 2757 1539 2801 Doriensium
