1779 3079
541 186 579 245 ᾗ.
618 187 662 235 6.
734 186 807 232 De
845 205 865 230 τ
902 202 986 247 pro
1023 206 1059 233 σ.
1457 182 1521 233 65

83 340 181 366 men
221 324 439 382 accepisse
477 324 668 375 videtur,
728 328 772 362 ut
811 321 1016 378 oppidum
1056 325 1189 362 Συκαί
1225 323 1313 364 sive
1344 323 1457 373 Συκή
1499 341 1521 365 e

83 392 259 449 regione
290 391 491 449 Byzantii
520 388 754 432 secundum
784 388 1048 445 Stephanum
1075 405 1110 429 s.
1143 406 1183 430 v.
1201 421 1212 443 7
1244 391 1299 431 ef.
1332 391 1518 433 Lobeck.

82 460 242 501 Pal-all.
290 476 335 516 p.
368 458 450 500 315
481 472 600 514 seqq.
676 455 798 513 Ipsae
837 462 977 496 tamen
1019 455 1182 496 tabulae
1215 457 1522 500 Heracleenses

83 529 203 568 συκιά
232 526 388 567 babent
416 525 460 577 I,
494 523 589 565 124.
652 521 851 563 Ceterum
887 525 1009 564 σῦκον
1038 522 1127 564 sive
1156 526 1274 564 τῦκον
1303 532 1345 564 et
1376 525 1523 567 fieus

81 594 228 636 neseio
267 609 320 634 an
359 607 408 633 ex
452 589 751 647 antiquissima
793 590 927 630 forma
965 595 1114 630 zlv'mov
1145 589 1392 632 deducenda
1421 593 1520 634 sint.

86 662 247 704 Contra
277 659 388 717 apud
415 656 695 699 Theocritum
724 657 770 710 I,
803 657 843 698 3.
879 657 944 698 14.
981 656 1056 710 16,
1099 657 1188 711 Vl,
1220 657 1272 710 9,
1314 657 1451 712 VIII,
1479 661 1522 714 4,

81 729 172 782 XI,
203 729 257 771 38
294 726 403 768 male
447 725 493 767 in
532 724 752 782 pejoribus
793 723 916 764 libris
953 739 1031 781 per
1060 724 1429 782 hyperdorismum
1459 744 1525 767 τυ-

81 797 209 850 ρίσδω
239 811 318 853 pro
352 795 503 847 συρίζω
536 792 740 849 scriptum
771 798 860 844 est3
901 807 980 833 nee
1011 791 1153 833 minus
1183 792 1292 834 male
1323 808 1526 849 gramma-

80 861 191 904 ticus
231 862 275 902 in
304 862 423 903 Ann.
460 860 574 902 Oxx.
608 859 700 910 III,
730 858 813 901 268
851 858 1121 908 Herodiano,
1168 859 1205 900 si
1244 860 1326 901 diis
1368 861 1525 917 placet,

79 935 250 971 auctore
290 936 338 969 ut
367 927 575 969 Doricum
617 927 737 968 affert
771 927 957 978 τημεῖον,
1019 942 1150 983 quum
1191 935 1232 968 et
1270 927 1314 968 in
1352 928 1527 969 Dor-icis

80 996 272 1038 fontibus
304 995 502 1037 omnibus
527 997 635 1045 σᾶμα
657 1000 737 1033 ete.
773 993 937 1049 legatur
968 1001 1009 1034 et
1039 993 1142 1034 adeo
1174 993 1216 1034 in
1247 994 1370 1036 titulo
1392 995 1527 1035 Boeo-

80 1062 164 1104 tico
199 1063 332 1114 1569,
367 1079 403 1103 a.
438 1061 502 1103 III
537 1061 708 1111 ἄσαμος.
785 1060 901 1100 Idem
941 1059 1111 1118 ineptus
1141 1061 1370 1103 homuncio
1401 1063 1527 1103 Dori-

80 1144 174 1171 cum
206 1129 290 1170 sibi
320 1129 443 1170 finxit
473 1127 700 1179 ἁποίτωμεν
720 1142 798 1184 pro
826 1126 1080 1179 ἀποιίῑωμειν,
1114 1135 1155 1169 et
1184 1129 1339 1170 similia
1368 1130 1528 1172 decreti

80 1195 125 1236 in
154 1195 429 1237 Timotheum
460 1196 611 1236 artifex
641 1193 837 1249 κιτάριτιιν
866 1208 943 1250 pro
976 1194 1191 1247 κιθάρισιν
1227 1204 1268 1237 et
1298 1197 1528 1250 ἐπαναγκά-

78 1280 145 1304 rao
172 1278 252 1321 pro
284 1262 588 1316 ἐπαυαγκάσαι,
632 1260 716 1302 nisi
747 1268 930 1318 praestat
960 1261 1168 1314 κιθάριξιιν
1197 1280 1220 1305 e
1250 1271 1368 1321 parte
1399 1265 1527 1306 libro-

79 1345 173 1370 rum
202 1337 244 1371 et
274 1330 549 1384 ἐπαναγκάξαι
579 1346 601 1371 e
633 1328 878 1383 conjectura
907 1328 1157 1371 rescribere.

195 1396 308 1439 Satis
340 1398 660 1455 comprobatum
698 1403 787 1448 est,
834 1395 948 1453 quod
978 1412 1107 1454 supra
1136 1398 1458 1455 1)raeeepi111uS‚
1505 1415 1526 1439 a

80 1463 273 1506 Doribus
304 1480 391 1506 non
421 1480 516 1506 esse
549 1480 573 1504 σ
605 1463 649 1504 ἰῃ
680 1481 701 1502 τ
732 1470 963 1517 mutatum,
996 1465 1068 1505 sed
1099 1465 1321 1522 antiquum
1341 1483 1361 1505 τ
1390 1474 1525 1507 reten-

81 1538 185 1571 tum.
261 1531 317 1572 Et
354 1531 399 1572 in
438 1530 740 1586 conjugatione
780 1530 952 1587 quidem
998 1538 1039 1572 et
1082 1532 1399 1590 praepositione
1436 1536 1530 1574 ποτί

83 1599 187 1639 haee
218 1598 456 1655 proprietas
486 1598 754 1656 perduravit,
797 1598 998 1654 quamdiu
1029 1597 1189 1640 Dorica
1220 1599 1424 1641 dialectus
1456 1601 1527 1641 ali-

84 1672 293 1722 quatenus
326 1682 432 1723 pura
461 1673 624 1707 servata
657 1672 745 1718 est,
794 1664 918 1705 etiam
958 1665 1191 1722 primorum
1228 1666 1527 1723 imperatorum

82 1740 302 1790 tempore3
347 1733 391 1774 in
426 1733 605 1790 reliquis
646 1733 745 1774 inde
776 1748 798 1772 a
828 1732 967 1788 quarti
998 1733 1157 1774 saeculi
1186 1734 1301 1774 exitu
1330 1735 1527 1791 vulgares

82 1800 243 1842 formae
273 1800 408 1856 magis
439 1800 660 1857 magisque
691 1799 994 1857 probabantur.

201 1868 267 1918 10)
327 1867 552 1908 Contraria
578 1867 810 1908 mutatione
840 1866 1061 1924 antiquum
1099 1885 1119 1908 τ
1151 1868 1263 1925 apud
1293 1867 1527 1909 Dorienses

82 1933 128 1975 in
161 1950 185 1974 σ
224 1933 362 1975 abisse
402 1935 537 1976 videri
568 1941 710 1992 potest
739 1934 783 1974 in
817 1934 1015 1987 σάμερον,
1060 1938 1178 1984 σᾶτες
1198 1938 1231 1980 8)
1264 1951 1339 1992 pro
1370 1936 1527 1976 Atticis

83 2119 140 2154 nis
165 2121 314 2154 formam
341 2121 544 2164 paullulum
580 2120 789 2154 immutasse
815 2127 851 2154 et
876 2120 1031 2153 fortasse
1057 2129 1099 2153 ea
1123 2119 1204 2164 ipsa
1232 2119 1278 2152 de
1305 2129 1409 2152 causa
1438 2119 1529 2151 For-

83 2184 191 2212 tunae
216 2178 342 2212 aedem
370 2178 404 2211 in
432 2188 474 2211 ea
499 2185 602 2222 parte
627 2177 855 2211 exstruxisse
889 2184 1025 2211 certum
1065 2176 1193 2210 habeo.
1267 2177 1360 2211 Nam
1386 2187 1406 2208 e
1432 2175 1530 2217 'Ti'yoe

83 2246 202 2278 neque
229 2235 324 2267 Τι”κα
348 2234 429 2269 fieri
459 2241 600 2277 poterat
627 2242 661 2268 et
685 2235 799 2268 multo
828 2234 946 2267 minus
969 2233 1081 2266 Σιῑκα.

129 2294 164 2333 8)
213 2291 359 2337 σάμερον
396 2292 571 2324 Doricum
610 2300 759 2326 vocatur
793 2292 850 2325 Et.
891 2291 935 2325 G.
968 2293 1058 2333 499,
1099 2292 1136 2325 18
1171 2298 1205 2323 et
1240 2290 1353 2332 Gieg.
1381 2291 1420 2324 C.
1452 2291 1528 2330 182,

84 2348 321 2382 Tarentinum
349 2349 444 2393 apud
472 2348 709 2392 Hesychium.
744 2369 783 2374 -
835 2349 894 2384 Et.
921 2350 971 2382 M.
1001 2351 1086 2390 711,
1112 2349 1167 2381 44.
1203 2350 1298 2391 σῆτες
1326 2348 1475 2389 λέγουσιν
1499 2345 1531 2380 οἱ

79 2403 187 2442 Ἴωνές
211 2404 251 2439 τὸ
275 2404 324 2438 ἐπ’
355 2406 458 2443 ἔτους.
506 2406 644 2450 Δωριεῖς
667 2406 725 2444 μὲν
749 2409 846 2443 σᾶτες
870 2405 1002 2451 σφόδρα
1027 2405 1171 2449 σύνηθες
1199 2407 1311 2446 &own
1336 2404 1374 2438 τὸ
1398 2404 1503 2442 ὄνομα
1521 2413 1528 2421 ·

81 2460 230 2496 ’Ammoi
259 2463 293 2495 δὲ
328 2461 576 2504 μεταβαλὼτες
609 2462 647 2494 τὸ
678 2465 700 2495 ὅ
732 2463 814 2500 fic?
850 2461 892 2500 ὦς
916 2465 1055 2496 σεῦτλον
1078 2465 1219 2496 mmm
1241 2465 1338 2506 τῆτες
1362 2461 1528 2503 λέγουσιν·

85 2516 171 2552 ὅθεν
194 2521 332 2564 Δωριεῖς
356 2519 414 2557 μὲν
438 2520 591 2556 σατίνους
615 2521 786 2561 λέγουσιν,
820 2518 968 2555 ’Λττικοὶ
992 2522 1026 2553 δὲ
1050 2522 1215 2564 τητίνους,
1265 2520 1310 2554 cf.
1338 2519 1444 2562 Toup
1484 2519 1527 2551 ad

88 2576 228 2610 Scholl.
269 2576 425 2609 Theocr.
473 2577 549 2618 IX,
583 2577 637 2609 21.
680 2598 717 2603 -
790 2578 952 2622 Hesycb.
991 2581 1101 2614 σατεῖς
1133 2577 1219 2619 (leg.
1260 2578 1373 2615 σᾶτες)
1405 2575 1445 2609 τὸ
1479 2573 1528 2607 ἐπ’

87 2635 197 2671 ἔτους·
232 2634 387 2677 Δωριεῖς,
413 2632 546 2666 deinde
571 2633 683 2672 σατός,
709 2632 758 2667 ἐπ’
787 2636 882 2675 ἔτος,
910 2644 943 2668 et
968 2646 994 2667 s.
1026 2646 1057 2666 v.
1087 2637 1182 2676 τῆτες
1226 2650 1230 2653 -
1279 2632 1309 2664 οἱ
1334 2634 1367 2665 δὲ
1395 2633 1532 2675 Δωριεῖς

88 2691 200 2730 σατές,
241 2687 326 2723 ὅθυ·
362 2691 539 2726 amariore
568 2689 718 2735 niem-25,
757 2701 850 2733 quae
883 2691 967 2725 item
995 2692 1165 2734 leguntur
1192 2691 1226 2721 in
1254 2688 1389 2723 Scholl.
1418 2689 1528 2722 Arist.

92 2746 184 2779 Nub.
212 2748 290 2781 620.

149 2816 206 2858 11.
1249 2819 1272 2860 5
