1779 3079
516 217 590 265 Ad
620 216 833 264 Librum
863 216 1100 263 Primum.
1428 213 1527 263 527

94 355 139 395 in
170 356 268 401 ειϊος
298 359 485 406 exeunt,
536 350 808 405 Ἀντιγενείὶὶις
837 358 879 392 et
908 350 1237 402 Αὐτομειδείὶὶὶς,
1291 368 1399 410 quae
1429 368 1528 394 vcra

95 436 192 463 csse
221 435 346 476 aegre
377 419 481 462 mihi
519 419 782 478 persuadeo,
840 418 1090 474 praesertim
1120 436 1251 476 quum
1281 419 1530 462 Ulrichsius

93 488 221 531 etiam
258 488 305 529 in
335 487 703 540 ΓΑστυμειὸόντιος
744 484 866 542 prius
904 485 989 527 iota
1030 502 1117 527 non
1148 495 1262 528 recte
1292 487 1530 530 inseruisse

93 555 304 596 videatur.
399 554 547 596 Minus
592 569 718 612 aegre
762 553 917 593 ferrem
961 556 1222 601 Νικοκλείϊος
1267 562 1308 595 et
1355 555 1529 597 similia.

95 621 295 664 Ceterum
316 622 519 674 observa,
551 621 596 662 in
626 620 748 662 nullo
767 634 914 661 eorum
943 620 1165 662 titulorum
1191 622 1532 664 terminationem

95 705 179 737 ειος
207 689 252 730 in
283 706 346 737 ιος
374 687 543 730 mutari.
602 687 755 745 Neque
786 687 831 728 in
861 686 1132 728 Lebadeensi
1165 688 1214 729 C.
1247 690 1283 730 I.
1325 706 1391 730 nr.
1427 691 1530 732 1571

94 763 210 798 reete
241 757 374 798 semel
409 754 684 810 Φιλοκράτιος
710 754 900 812 legitur,
932 770 1062 812 quum
1093 755 1281 796 Lealzius
1312 757 1354 798 ΙΙ
1387 773 1452 799 nr.
1481 759 1536 800 32

96 823 256 881 ubique
288 823 583 877 Φιλοκράτειος
610 822 822 864 exhibeat.
855 850 909 855 —-
968 824 1201 876 Κρονιδῆε,
1235 824 1351 880 quod
1383 824 1534 866 Corin-

95 906 174 932 nae
201 890 497 943 restituimus,
540 889 723 932 Censori
750 889 941 931 Darmst.
973 890 1097 932 valde
1129 890 1306 932 dubium
1337 891 1536 946 videtui-3,

96 958 254 1016 quibus
287 958 339 999 de
369 957 538 1012 causis,
581 958 816 1000 nescimus.

209 1025 411 1068 Ceterum
441 1025 557 1083 quod
587 1025 771 1066 diximus
802 1025 1095 1083 patronymica
1117 1025 1322 1068 Boeotica
1352 1043 1439 1069 non
1470 1044 1539 1070 re-

96 1100 162 1135 cte
193 1093 245 1135 ad
277 1093 486 1149 adjectiva
517 1092 688 1143 κτητικᾶ
719 1094 765 1134 ἰιι
796 1109 878 1140 ‹scog-
908 1093 1105 1135 exeuntia
1136 1095 1320 1147 referri,
1351 1094 1539 1138 Thessa-

95 1160 195 1203 licis
224 1161 560 1218 patronymicis,
620 1161 761 1218 qualia
795 1167 895 1202 sunt
923 1159 1185 1214 Ἀντιγόινειος
1223 1169 1264 1204 et
1292 1163 1540 1212 Αἰκούνειος

97 1228 129 1270 ἱ.
161 1244 200 1270 e.
231 1228 489 1278 Nammog,
529 1227 618 1270 vid.
652 1228 788 1283 infra,
827 1228 971 1270 refelli
999 1228 1184 1270 videtur.
1244 1229 1539 1273 Nihilominus

98 1297 369 1354 aliquatenus
407 1296 454 1337 in
488 1296 700 1338 sententia
732 1295 1050 1354 persistendum
1081 1303 1170 1346 est,
1230 1297 1412 1339 maxime
1442 1314 1540 1356 pro-

97 1372 193 1422 pter
221 1366 430 1413 Καλλιῆος
458 1371 500 1405 et
530 1363 715 1417 similia,
747 1379 856 1421 quac
887 1380 974 1405 non
1004 1379 1027 1405 e
1048 1366 1286 1414 Καλλιέιος,
1320 1374 1366 1407 ut
1394 1367 1539 1408 volue-

97 1439 163 1474 rat
189 1432 435 1474 Boeckhius
454 1463 467 1485 ,
501 1431 577 1473 sed
607 1447 629 1472 c
659 1433 880 1480 Καλλιαῖος
909 1439 990 1474 etc.
1024 1439 1114 1473 orta
1143 1448 1240 1474 esse
1270 1449 1384 1475 nunc
1414 1434 1540 1476 etiam

98 1499 364 1542 luculentius
393 1499 745 1541 Thessalicorum
785 1499 1079 1557 exemplorum
1119 1502 1434 1558 comparatione
1470 1518 1540 1560 ap-

99 1574 232 1626 paret.
309 1566 402 1609 Nec
434 1566 560 1608 facile
590 1566 694 1624 poni
723 1574 864 1624 potest
894 1582 916 1607 c
944 1566 1187 1616 Καλλιάειος
1215 1568 1400 1625 primum
1433 1570 1543 1612 Boe-

101 1637 214 1677 otica
250 1635 486 1677 mutatione
526 1633 776 1683 Καλλιάὶὸς,
839 1634 993 1676 deinde
1032 1637 1281 1686 Καλλιαῖος,
1336 1641 1543 1687 Καλλιῆος

102 1704 212 1746 facta
256 1719 381 1757 esse,
441 1718 539 1744 nam
582 1710 624 1743 et
666 1702 903 1755 Thessali,
961 1718 1143 1759 quorum
1191 1706 1416 1753 Καλλιαῒος
1460 1713 1542 1758 est,

102 1771 280 1813 omnino
310 1769 569 1827 diphthongi
608 1785 642 1810 ει
671 1769 947 1811 mutationem
982 1770 1183 1826 ignorant
1221 1779 1262 1813 et
1293 1773 1439 1814 eadem
1468 1789 1543 1814 eae

102 1838 221 1896 ipsae
250 1837 558 1895 inscriptiones
587 1837 841 1890 Boeoticae,
881 1839 927 1878 in
949 1838 1109 1895 quibus
1137 1840 1430 1897 patronymica
1459 1841 1546 1882 fre-

104 1913 394 1963 quentantur,
449 1905 666 1946 abstinere
697 1906 852 1947 solent.
944 1905 1114 1948 Deinde
1146 1908 1292 1949 cadem
1321 1908 1545 1950 Boeotico-

103 1990 199 2015 rum
228 1973 452 2014 titulorum
481 1972 590 2014 ratio
621 1973 760 2014 obstat
778 2003 790 2026 ,
843 1976 1075 2031 quominus
1104 1974 1383 2031 Ἀυτψάχιος,
1436 1981 1546 2030 Θρα-

109 2040 256 2088 σώνιος
285 2048 327 2082 et
357 2040 515 2081 similia
544 2055 597 2081 ex
626 2039 930 2095 Ἀντιμάχειος,
989 2042 1276 2096 Θρασώνειος,
1327 2060 1436 2101 quae
1465 2052 1547 2087 ter-

106 2108 284 2150 minatio
313 2108 618 2150 Thessalorum
650 2115 744 2161 est,
793 2109 903 2150 facta
932 2117 1147 2167 putemus.
1223 2112 1373 2169 Itaque
1402 2113 1547 2170 paullo

108 2175 377 2224 accuratius,
438 2191 563 2233 quam
603 2177 814 2230 fecimus,
870 2193 961 2219 rem
1004 2178 1061 2220 ita
1100 2180 1410 2237 expediendam
1451 2195 1548 2222 csse

108 2258 348 2286 censemus.
409 2243 637 2297 Adjectiva
666 2245 913 2301 possessiva
939 2245 1007 2287 vel
1038 2247 1329 2304 patronymica
1359 2262 1381 2287 a
1410 2247 1547 2288 nomi-

109 2312 237 2353 nibus
279 2310 468 2368 propriis
499 2310 687 2353 derivata
725 2312 942 2370 insignem
974 2313 1019 2353 in
1051 2314 1223 2354 modum
1263 2313 1375 2355 inter
1403 2315 1547 2356 termi-

109 2379 305 2420 nationes
350 2394 456 2427 ειος,
507 2394 596 2431 ξος,
647 2396 709 2427 ιος
756 2381 954 2437 ambigua
999 2387 1099 2421 sunt
1134 2379 1221 2421 vid.
1263 2380 1455 2423 Lobcck.
1495 2383 1547 2424 ad

110 2446 237 2502 Ajac.
269 2461 310 2487 v.
345 2445 454 2497 108,
503 2445 559 2486 ita
592 2453 730 2487 tamen
751 2480 763 2496 ,
817 2455 864 2489 ut
893 2448 1086 2503 vulgaris
1117 2446 1338 2490 Graecitas
1368 2450 1547 2506 primam

110 2514 294 2561 maxime
324 2512 582 2570 probaverit.
648 2513 787 2556 Nobis
818 2514 1115 2572 antiquissima
1147 2531 1198 2556 ex
1226 2515 1316 2556 illis
1347 2517 1549 2559 termina-

110 2583 172 2624 tio
212 2598 274 2629 ιος
315 2596 408 2622 esse
438 2579 630 2632 videtur,
690 2598 870 2639 quacum
901 2598 1119 2639 compares
1157 2584 1548 2640 patronymicorum

113 2648 427 2692 Sanscritorum
458 2648 798 2692 terminationem
830 2654 907 2703 jas
944 2657 990 2690 ut
1019 2651 1260 2702 Dhaumjczs
1298 2650 1328 2690 i.
1361 2667 1397 2691 e.
1431 2652 1549 2695 filius

112 2716 310 2757 Dhumae
349 2723 390 2757 et
431 2715 683 2757 Latinorum
723 2720 790 2759 ius
831 2725 876 2758 ut
913 2719 1079 2766 Julius,
1131 2717 1163 2757 i.
1196 2733 1233 2759 e.
1266 2718 1340 2774 qui
1381 2734 1403 2759 a
1444 2719 1547 2761 Julo

114 2783 349 2827 descendit.
439 2783 546 2825 Eam
576 2783 711 2840 igitur
738 2784 891 2827 Boeoti
922 2791 1218 2838 servaverant,
1268 2800 1315 2827 ea
1346 2786 1471 2827 etiam
1502 2786 1547 2828 in
