1779 3079
196 182 287 232 134
731 181 803 226 De
838 178 1098 227 vocalibus.

275 322 316 370 a)
373 316 496 359 tertia
543 329 726 374 persona
769 314 909 357 dualis
953 313 1174 357 indicativi
1216 315 1541 373 praeteritorum
1599 324 1642 360 et

191 384 393 444 optativi,
424 391 473 426 ut
502 382 733 434 ἐποησάταν
761 381 1319 442 Βε]Ρ1ι.25,,ἐκτησάσθαν
1342 383 1501 439 Pind.,
1533 383 1641 427 ὀλοί-

192 459 301 495 σθαν
327 452 491 510 Tragg.

271 537 317 586 b)
373 537 511 597 prima
547 553 732 597 persona
769 536 989 579 indicativi
1028 537 1356 595 praeteritorum
1395 543 1438 578 et
1466 535 1641 595 optativi

189 605 235 647 in
258 606 523 663 subjectivo,
553 613 602 649 ut
625 605 849 659 συνεθέμαν
869 605 985 647 Cret.
1010 606 1121 649 2555
1136 637 1149 660 ,
1180 604 1374 661 ἠχθόμαν
1391 605 1546 664 Epich.
1570 605 1640 659 19,

191 672 359 728 ὀλοίμαν
389 673 552 732 Tragg.

1319 757 1381 764 „—

272 759 316 813 c)
373 760 580 802 feminina
611 775 743 818 super
770 758 1028 817 bisyllabum
1067 758 1197 816 vulgo
1236 759 1281 802 in
1319 783 1382 815 ηνη
1415 757 1639 800 exeuntia:

189 826 330 884 εἶράνα
356 827 544 885 Lysistr.
577 835 658 870 etc.
676 859 688 881 ,
733 827 880 869 σελάνα
909 826 1038 868 Pind.
1071 827 1262 885 Tragg.,
1293 827 1447 883 γαλάυα
1476 827 1639 868 Aesch.

188 895 275 952 Ag.
307 896 391 940 720
420 903 462 938 et
490 895 591 937 inde
619 895 813 950 γαλάνεια
843 894 995 952 Eurip.
1029 894 1130 936 Hel.
1167 895 1289 938 1458.
1345 895 1442 953 Iph.
1475 895 1531 936 A.
1562 894 1645 936 546

188 970 231 1005 et
256 962 424 1017 γελαυής
448 963 598 1018 Pind.‚
629 962 815 1013 Ἀθάνα,
845 961 1035 1004 Ἀθᾶναι
1061 968 1164 1016 etc.,
1195 961 1385 1017 Κυράνα,
1417 961 1642 1012 Μεσσάνα,

188 1030 404 1081 Κυλλάνα,
453 1029 666 1083 Πελλάνα,
714 1029 906 1073 ’Λνθάνα
944 1030 1150 1089 oppidum
1186 1029 1449 1073 Laconicum
1490 1029 1642 1088 steph.

187 1096 297 1155 Byz.
315 1129 328 1152 ,
363 1097 553 1155 Πειράνα
581 1099 743 1154 Pind.,
774 1098 879 1141 adeo
909 1098 1081 1141 Ionicae
1112 1097 1234 1140 urhis
1263 1098 1448 1140 Prienae
1478 1097 1645 1139 incolae

191 1166 390 1222 Πριανεῒς
430 1167 574 1209 Rhod.
617 1167 744 1211 2905.
822 1166 915 1210 Nec
955 1166 1098 1208 minus
1127 1165 1368 1208 Dorienses
1409 1164 1545 1207 ἁπάνα
1583 1165 1644 1206 di-

188 1233 302 1275 xisse
343 1234 663 1290 existimamus,
708 1251 952 1294 quanquam
996 1233 1109 1293 apud
1143 1234 1380 1276 Pindarum
1423 1233 1496 1276 Ol.
1526 1233 1586 1287 V,
1619 1233 1644 1275 3

187 1308 230 1343 et
255 1301 308 1343 P.
343 1302 425 1357 IV,
458 1303 514 1346 94
555 1302 691 1353 ἇπήνα
720 1304 921 1345 traditum
952 1310 1031 1344 est.
1091 1302 1293 1344 Thessali
1330 1302 1444 1344 enim
1481 1301 1644 1342 καπάνα

188 1369 390 1411 dixerunt
423 1370 510 1413 vid.
542 1371 705 1413 Athen.
738 1371 785 1413 X
823 1388 867 1430 p.
899 1371 997 1414 418.
1030 1370 1072 1411 D
1115 1376 1158 1412 ct
1185 1370 1378 1428 Hesych.
1419 1385 1455 1410 s.
1487 1385 1528 1411 v.
1570 1386 1646 1410 κα-

186 1437 489 1492 πανικωτέρους
526 1439 597 1494 (de
628 1457 651 1481 κ
681 1439 824 1482 addito
865 1439 919 1482 cf·
960 1441 1199 1493 καυχᾶσθαι
1230 1445 1273 1480 et
1306 1436 1484 1492 αὐχεῖν),
1530 1436 1644 1478 unde

186 1512 333 1547 nostro
366 1506 467 1562 jure
497 1507 701 1550 Doricam
742 1508 920 1550 formam
965 1506 1100 1548 ἁπάιια
1143 1505 1430 1563 assequimur.
1503 1503 1647 1547 Simili

186 1572 312 1615 modo
343 1589 365 1616 c
398 1573 611 1634 Cypriaco
644 1575 775 1630 a’yc'woc
812 1591 892 1634 pro
925 1574 1080 1629 σαγήνῃ
1114 1574 1227 1632 apud
1258 1573 1528 1630 Hesychium
1556 1573 1645 1615 Do-

185 1639 351 1684 rienses
385 1642 541 1697 σαγάνα
571 1643 732 1686 dixisse
764 1643 1063 1701 intelligimus.
1111 1641 1246 1700 Apud
1267 1641 1502 1683 Pindarum
1525 1657 1646 1700 prac-

186 1714 251 1749 ter
282 1707 417 1760 ἇπήνα
447 1710 622 1768 regulae
651 1713 756 1755 haec
788 1712 1091 1753 adversantur:
1123 1709 1277 1759 τιθήνα
1306 1709 1360 1751 Ρ.
1380 1709 1399 1751 Ι
1415 1740 1428 1764 ,
1459 1710 1540 1764 20,
1573 1708 1646 1750 ubi

186 1777 321 1819 codex
360 1794 449 1820 non
487 1779 625 1821 malus
654 1779 774 1837 Aug.
805 1779 865 1822 D.
905 1778 1056 1821 τιθάινα
1094 1777 1298 1836 praebet,
1344 1777 1461 1836 quod
1489 1776 1646 1819 Doridi

187 1852 325 1896 certe,
359 1846 396 1887 si
423 1862 509 1889 non
542 1846 760 1902 Pindaro,
791 1846 1125 1900 vindicaverim,
1170 1844 1409 1898 Ἀλκμήνα,
1449 1860 1529 1902 pro
1559 1860 1644 1901 quo

187 1913 320 1954 semel
351 1913 463 1955 iuter
491 1930 645 1957 novem
674 1914 794 1956 locos
825 1931 865 1957 v.
898 1914 928 1955 l.
974 1912 1189 1966 Ἀλκμᾶνα
1229 1911 1273 1953 in
1303 1911 1409 1953 Ald.
1443 1920 1485 1953 et
1516 1911 1641 1953 Rom.

186 1978 400 2036 reperitur
428 1980 481 2021 P.
501 1981 583 2035 IV,
610 1982 714 2035 172,
747 1981 799 2022 ab
830 1981 925 2039 ipso
946 1981 1135 2022 Pindaro
1167 1979 1374 2038 scriptum
1404 1985 1492 2032 cst,
1523 1978 1644 2020 valde

186 2054 326 2088 tamen
367 2063 518 2089 vereor
556 2064 610 2090 nc
640 2048 881 2090 Dorienses
922 2065 946 2088 α
986 2047 1111 2089 etiam
1152 2046 1222 2089 hic
1251 2045 1642 2105 pronuntiaverint,

186 2130 317 2172 quum
359 2115 494 2156 forma
537 2115 743 2156 feminina
787 2114 1014 2157 masculini
1061 2115 1248 2156 nominis
1287 2113 1472 2166 Ἀλκμάν
1513 2130 1643 2172 agno·

188 2182 344 2223 scenda
389 2198 483 2224 esse
525 2182 732 2225 videatur.
804 2182 1029 2224 Postremo
1070 2186 1269 2232 Μυκῆναι
1309 2181 1362 2224 P.
1396 2181 1477 2236 IV,
1510 2184 1564 2225 49
1603 2189 1645 2224 et

190 2250 242 2291 sr-
272 2249 357 2293 216
387 2265 437 2292 eo
467 2249 608 2291 minus
639 2249 847 2291 Doricum
879 2250 1034 2304 suerit,
1066 2251 1182 2308 quod
1213 2250 1453 2291 terminatio
1482 2251 1551 2293 ’ἇιᾟ
1580 2267 1643 2292 re-

190 2317 405 2375 liquorum
443 2317 638 2375 analogia
678 2317 858 2359 maxime
903 2318 946 2359 in
978 2317 1148 2359 urbium
1179 2317 1426 2359 nominibus
1455 2317 1642 2375 postula-

189 2392 272 2426 tur.
335 2385 536 2427 Ceterum
577 2386 836 2427 contendere
875 2384 1107 2439 nolumus,
1155 2385 1354 2426 omnibus
1393 2385 1641 2426 nominibus

191 2452 232 2492 in
268 2471 339 2502 ηυη
371 2453 627 2494 excuntibus
668 2452 711 2494 in
743 2453 901 2495 Dorica
932 2453 1112 2495 dialecto
1145 2472 1169 2494 α
1199 2453 1488 2495 necessarium
1521 2468 1641 2506 csse,

190 2536 284 2560 nam
315 2536 471 2562 nomen
503 2520 698 2573 Ismene,
745 2521 860 2578 quod
890 2520 1093 2563 Boeotico,
1124 2520 1301 2574 Ἰσμείνα
1341 2527 1511 2562 sonaret
1552 2519 1637 2561 vid.

190 2590 230 2640 ξ.
262 2588 341 2641 39,
372 2589 425 2641 ⁶2,
467 2587 627 2630 Dorice
657 2588 770 2629 haud
799 2587 928 2630 dubie
958 2596 1072 2630 esset
1101 2588 1288 2642 Ἰσμήνη.

274 2692 319 2739 d)
378 2693 582 2734 feminina
623 2692 830 2734 abstracta
869 2693 1017 2733 tertiae
1061 2692 1360 2734 declinationis
1401 2691 1444 2731 in
1476 2691 1535 2743 ἷῖῖς
1565 2706 1639 2732 cx-

192 2758 360 2802 ountia.
406 2767 451 2800 ut
490 2760 721 2814 npeosso'vug
753 2759 883 2801 Ther.
918 2761 1054 2810 2448,
1105 2761 1304 2808 m'uwssrug
1335 2758 1476 2799 Aetol.
1512 2758 1637 2807 3046,

1772 2957 1779 2997 -..
1772 2900 1779 2937 4-
1769 2844 1779 2881 ‘—
