1779 3079
211 162 277 210 24
474 162 546 209 De
583 159 782 207 dialecto
817 155 1022 204 Aeolum
1055 155 1366 204 Asianorum.

216 294 388 336 Lesbiis
417 310 517 336 casu
548 293 658 334 nibil
688 293 776 334 scre
806 292 857 335 de
889 292 1039 349 spiritu
1072 287 1289 346 discitur),
1320 289 1517 346 antiquae
1548 305 1643 346 pro-

213 362 405 418 prietatis
444 361 586 402 minus
625 361 788 414 tenaci,
833 367 875 402 et
911 359 1182 402 librariorum
1221 357 1467 399 oscitantiae
1495 358 1648 414 vulga-

215 444 303 469 rem
333 427 538 468 rationem
567 428 876 469 intrudentium
913 427 1099 469 adscribi
1135 442 1288 484 posse,
1328 424 1428 466 inde
1457 431 1645 480 apparet,

218 494 332 551 quod
371 495 621 551 comparatis
652 496 877 548 omnibus,
926 511 1034 552 quae
1074 494 1117 534 in
1146 493 1273 534 libris
1302 492 1529 548 titulisque
1559 506 1648 532 cer-

217 563 323 602 tiora
352 569 424 602 aut
452 563 591 619 asperi
621 571 692 604 ant
720 563 832 604 lenis
863 563 1020 603 indicia
1049 561 1350 618 reperiuntur,
1382 567 1492 602 certa
1523 574 1650 616 quae·

218 628 311 668 dam
349 628 419 670 lex
447 637 572 687 atque
611 631 758 687 regula
789 630 1015 687 detegitur.
1107 629 1284 669 Constat
1321 629 1434 669 enim
1463 626 1651 668 Graeco-

216 710 310 735 rum
339 711 534 753 asperum
565 713 689 754 saepe
719 714 771 738 ex
800 697 976 754 antiquo
1005 716 1023 741 s
1056 697 1168 752 autj
1201 704 1344 736 natum
1374 710 1496 748 csse,
1536 693 1652 751 quod

218 770 421 820 cognatae
449 764 628 822 linguae
659 771 898 817 servarunt,
929 764 1015 805 vid.
1049 763 1180 805 Giesc
1209 780 1250 820 p.
1274 764 1356 805 242
1375 778 1496 819 seqq.
1555 760 1652 803 Jam

218 845 317 871 vero
345 846 540 885 asperum
572 833 667 887 ejus
697 831 880 889 orig-inis
917 832 1005 873 fere
1037 847 1204 888 semper
1231 831 1342 887 apud
1375 831 1535 871 Aeolcs
1565 845 1653 871 non

218 896 361 939 minus
393 907 602 940 servatum
631 916 752 952 csse,
793 915 918 956 quam
960 899 1004 939 in
1035 899 1217 955 reliquis
1249 898 1467 950 dialectis,
1509 903 1654 938 contra

218 964 360 1006 lenem
397 966 561 1019 fuisse,
606 967 682 1007 ubi
723 965 985 1023 reliquarum
1024 966 1297 1007 dialcetorum
1328 981 1451 1023 asper
1479 965 1560 1006 alia
1589 981 1654 1006 ra-

219 1031 335 1073 tione
367 1040 484 1076 ortus
515 1041 606 1087 est,
648 1034 805 1075 indicia
835 1033 1056 1075 titulorum
1093 1041 1135 1074 et
1165 1033 1372 1074 librorum
1404 1032 1506 1074 satis
1537 1033 1655 1074 lucu-

221 1097 359 1140 lenter
389 1100 554 1143 docent.

331 1166 374 1222 5)
416 1169 574 1226 Asperi
616 1169 774 1210 indicia
818 1169 1002 1226 primum
1046 1167 1317 1225 reperiuntur
1354 1168 1398 1209 in
1438 1168 1578 1210 titulis
1615 1175 1657 1209 ct

222 1232 344 1274 libris
377 1235 469 1277 sine
499 1237 588 1277 ulla
618 1237 816 1278 varietate
849 1236 1046 1278 lectionis
1077 1237 1206 1276 haec:

332 1302 383 1342 In
431 1304 668 1346 articulo
715 1312 756 1345 et
805 1302 1264 1345 demonstrativis
1310 1302 1468 1358 Sapph.
1511 1328 1565 1334 --
1603 1304 1658 1346 29

224 1367 413 1419 iquoraest'
446 1371 470 1410 ἁ
494 1370 656 1424 σελάνα,
687 1370 866 1413 4621019’
899 1370 989 1410 ὧδ’.
1050 1370 1291 1427 Antiquum
1305 1386 1341 1422 S,
1375 1370 1517 1411 utalia
1536 1371 1659 1412 omit-

222 1441 386 1490 tamus,
438 1446 610 1495 apparet
649 1439 693 1479 in
732 1438 984 1496 pronomine
1023 1437 1352 1478 demonstrativo
1398 1438 1660 1480 Sanseritico

225 1517 296 1553 sa,
330 1515 409 1557 sa,
440 1512 531 1558 tat,
563 1505 747 1547 Gothico
770 1506 950 1547 articulo
982 1521 1061 1559 sa,
1094 1509 1168 1558 so,
1199 1506 1366 1558 tbata,
1400 1505 1586 1563 (lenique
1616 1506 1660 1547 in

223 1570 400 1611 Latinae
431 1572 606 1629 linguae
636 1573 784 1615 formis
815 1573 1004 1629 antiquis
1037 1589 1095 1614 su
1109 1590 1166 1625 m,
1200 1589 1323 1624 sam,
1356 1588 1470 1626 sos,
1504 1589 1661 1631 sapsa

222 1652 299 1692 pro
340 1653 460 1691 eum,
507 1655 625 1693 eam,
664 1656 768 1694 eos,
819 1641 912 1698 ipsa
952 1639 1064 1695 (vid.
1107 1640 1168 1681 M.
1215 1640 1408 1682 Schmidt
1447 1640 1498 1681 de
1534 1657 1659 1698 prou.

223 1719 267 1760 p.
300 1706 386 1759 ll).

336 1772 594 1816 Relativa
633 1790 718 1815 non
758 1774 900 1815 minus
940 1774 1135 1831 spiritum
1166 1789 1362 1830 asperum
1403 1773 1589 1831 produnt
1616 1774 1660 1816 in

224 1839 401 1897 Lamps.
435 1842 486 1882 14
519 1841 622 1882 καθ’
655 1843 700 1894 ὂγ
729 1843 899 1894 καῖρον,
936 1842 1060 1882 Cum.
1092 1842 1118 1883 8
1148 1841 1286 1891 καθὰ,
1320 1842 1373 1882 36
1404 1841 1473 1895 ἐφ’
1507 1842 1575 1892 ἂν,
1607 1842 1663 1885 40

225 1906 294 1960 ἐφ’
326 1909 445 1948 οἶσιν.
516 1908 580 1949 Ea
612 1924 710 1950 vero
740 1916 811 1950 aut
841 1924 924 1948 non
965 1908 1131 1949 diversa
1159 1916 1278 1949 crant
1307 1909 1406 1949 olim
1438 1925 1460 1950 a
1491 1909 1663 1952 demon-

228 1975 442 2027 strativis,
496 1983 544 2016 ut
582 1975 811 2017 Homerica
849 1976 1058 2016 dialectus
1096 1976 1262 2016 nullum
1304 1978 1391 2017 scre
1431 1977 1662 2019 discrimen

226 2042 346 2083 novit
386 2041 469 2096 (cf.
503 2042 698 2083 Schmidt
735 2059 776 2099 p.
811 2042 890 2097 42)
932 2051 972 2082 rt
1001 2042 1178 2083 Aeolica
1219 2059 1389 2100 quoque
1427 2059 1473 2084 ac
1504 2045 1662 2086 Dorica

227 2109 434 2151 dialectns
464 2110 654 2151 relativis
681 2126 806 2168 saepe
827 2112 848 2149 ἱ
878 2109 1071 2166 praefigit
1100 2109 1204 2159 (vid.
1229 2106 1267 2165 ξ.
1289 2112 1359 2151 23»
1377 2142 1389 2159 ,
1421 2110 1534 2152 unde
1566 2128 1586 2152 s
1616 2112 1662 2152 in

227 2193 423 2234 asperum
454 2184 659 2220 mutatum
689 2185 926 2235 appareret,
957 2183 1029 2216 aut
1057 2192 1079 2217 e
1104 2176 1336 2218 Sanscritis
1367 2177 1553 2219 relativis
1577 2179 1662 2233 jas

229 2251 310 2285 ete.
351 2244 578 2286 derivanda
620 2253 746 2297 sunt,
796 2245 909 2301 quod
959 2244 1200 2285 maluerunt
1237 2244 1360 2301 Bopp
1407 2246 1543 2300 ἴοι-91.
1585 2246 1659 2288 Gr.

229 2308 268 2366 ἓ.
303 2312 408 2364 382,
440 2312 539 2352 Pott
568 2313 638 2364 ll,
674 2313 774 2364 102,
806 2313 935 2352 (Riese
966 2328 1007 2367 p.
1040 2312 1136 2352 2'13.
1168 2337 1219 2342 —
1279 2312 1369 2353 Nos
1401 2328 1513 2354 nunc
1543 2313 1665 2354 nolu·

230 2393 325 2419 nnus
356 2394 583 2435 quaerere,
616 2388 755 2420 utrum
788 2379 931 2419 vri-ius
964 2379 1033 2419 sit.
1066 2405 1120 2411 —

344 2447 444 2499 ἅβα
481 2462 556 2504 pro
597 2447 674 2499 ἥβη
716 2447 759 2487 in
792 2446 948 2499 ἑίῙαβος
975 2445 1099 2486 Cum.
1131 2445 1199 2486 46.
1234 2445 1311 2490 5ος
1353 2444 1522 2492 Pollius
1553 2445 1588 2486 I.
1620 2461 1661 2503 p.

235 2513 312 2553 113
334 2515 498 2554 confert
523 2515 771 2570 juvenis,
804 2514 975 2555 Sansrr.
995 2514 1012 2568 j
1029 2528 1105 2554 uw
1121 2527 1182 2551 an
1214 2511 1410 2568 Compar.
1428 2511 1661 2567 jauijas.

348 2580 503 2633 ἄγνος
534 2606 586 2612 —-
615 2582 714 2624 Alc.
756 2581 809 2622 45
847 2578 1005 2633 [dulos
1049 2580 1172 2632 c'iyva,
1214 2579 1267 2620 85
1307 2577 1490 2627 ἕὸέξαιιθ’
1531 2579 1661 2631 ἅγιιαι.

239 2647 453 2703 Buppius,
495 2649 673 2691 Giosius
703 2657 743 2690 et
772 2648 942 2690 Pottius
974 2648 1008 2688 l.
1041 2662 1082 2703 p.
1115 2646 1197 2687 ‘2:36
1234 2653 1345 2688 recte
1384 2644 1573 2686 derivare
1604 2645 1664 2688 vi-
