1779 3079
471 166 548 213 Ad
582 165 797 214 Librum
832 165 1127 214 Secundum.
1420 166 1538 215 585-

71 321 211 365 neque
241 305 357 347 enim
388 303 516 346 facile
546 303 753 346 articulus
784 303 937 344 abesse
969 309 1136 359 poterat
1165 308 1207 343 et
1231 302 1261 343 l.
1288 300 1343 342 65
1365 301 1526 358 legitur

78 378 386 416 ΟΙΔΕΘΡΟ]
409 373 440 413 1.
466 388 504 414 e.
528 375 566 414 οἱ
597 373 638 413 δὲ
669 371 776 425 ὅροι.
828 370 1006 411 Titulus
1038 369 1279 426 Elyrius
1311 385 1376 410 nr.
1396 370 1524 423 2561,

70 443 97 484 d
131 442 364 485 severioris
393 440 590 483 Doridis.
642 438 819 480 Titulus
853 455 918 478 nr.
951 438 1091 491 2558,
1124 437 1200 494 qui
1232 454 1319 479 nou
1352 437 1527 480 Minoae

71 511 148 552 sed
176 510 367 567 Apterae
397 515 593 566 repertus
624 513 712 558 est,
755 522 777 546 e
808 505 1006 560 Pashleji
1047 507 1294 564 apographo
1325 506 1527 548 emenda·-

68 579 155 620 tior
196 578 339 619 editur
381 578 498 618 Add.
547 593 588 633 p.
640 574 761 616 1101.
843 574 1134 615 Conlirmatur
1180 590 1230 615 eo
1278 575 1526 631 apographo

66 646 200 688 lectio
233 645 375 700 εἶρήνα
406 652 447 686 et
477 644 592 684 idem
622 641 786 699 legitur
816 657 882 682 ur.
908 641 1035 694 2561,
1063 641 1089 682 h
1120 641 1236 683 Add.
1271 658 1351 684 nec
1384 642 1527 684 minus

69 715 112 755 in
159 713 287 754 titulo
329 712 518 754 Cumaeo
562 727 628 751 nr.
671 710 808 762 2523,
857 709 932 750 ubi
977 710 1026 750 B.
1075 709 1218 760 εἰράικα
1262 716 1523 752 correxerat.

67 781 212 834 Quare
241 796 392 822 vereor
425 795 540 821 nunc
573 795 670 820 cum
701 777 921 819 Bocchhio
954 794 1007 819 ne
1038 776 1170 818 Doris
1203 786 1243 818 ct
1275 778 1430 819 Aeolis
1461 793 1525 819 re-

66 848 257 890 centiore
287 856 480 906 tempore
511 867 535 898 η
567 847 612 888 in
645 863 691 888 ea
724 861 827 887 voce
858 845 1154 902 probaverint.
1218 845 1453 887 Priansum
1485 852 1528 886 ct

66 917 274 958 Praesum
314 917 484 957 diversa
520 915 676 973 oppida
708 930 830 968 esse,
889 914 1005 970 quod
1038 914 1244 971 suspicati
1278 929 1448 954 eramus
1480 928 1523 969 p.

67 984 171 1038 105,
205 1001 318 1025 nunc
351 983 560 1038 Pashlejo
591 990 764 1024 auctore
796 982 1043 1023 Boeckhius
1076 981 1292 1024 intellexit
1322 998 1366 1038 p.
1404 980 1524 1022 1100.

176 1053 401 1093 Postremo
445 1053 488 1093 in
523 1050 748 1094 VVelckeri
790 1057 831 1090 et
862 1049 1094 1091 Ritsehelii
1126 1049 1280 1091 Museo
1312 1048 1525 1089 Rhenano

62 1119 166 1160 Vol.
200 1120 242 1160 Π
275 1137 317 1177 p.
353 1120 435 1161 544
467 1135 589 1177 seqq.
625 1118 874 1160 Ulrichsius
914 1117 1050 1158 edidit
1082 1134 1157 1158 sex
1192 1118 1341 1159 titulos
1373 1116 1525 1157 Titho-

61 1203 211 1229 reuses
243 1188 384 1229 eidem
414 1187 549 1244 lapidi
581 1187 845 1243 inscriptos,
879 1201 989 1243 quos
1021 1186 1132 1226 eirca
1156 1185 1325 1227 Nervae
1345 1192 1524 1226 aetatem

61 1264 257 1297 exaratos
292 1271 387 1296 csse
413 1249 599 1309 judicat.
646 1255 747 1295 Duo
777 1263 919 1295 tamen
951 1254 1142 1311 priores,
1178 1254 1215 1295 si
1245 1253 1349 1311 quid
1380 1253 1525 1305 video,

60 1323 281 1381 aliquanto
323 1323 591 1380 antiquiores
634 1321 821 1363 habendi
867 1330 981 1362 suut.
1071 1322 1182 1363 Nam
1230 1330 1271 1363 ct
1315 1320 1525 1363 Doridem

60 1391 465 1447 septentrionalem,
499 1391 615 1447 quali
638 1391 892 1432 Phocenses
915 1390 1165 1431 novissimis
1205 1397 1303 1430 aute
1334 1396 1525 1430 nostram

62 1475 205 1500 aeram
237 1459 422 1500 saeculis
455 1459 523 1499 usi
556 1467 681 1512 suut,
714 1466 909 1500 accurate
941 1458 1145 1499 exhibent
1174 1465 1216 1499 et
1247 1458 1332 1498 iota
1362 1464 1526 1497 mutum

61 1527 226 1583 ubique
257 1527 521 1584 adscriptum
553 1527 712 1568 hahent
745 1534 1042 1583 praeterquam
1072 1526 1114 1566 in
1140 1525 1432 1581 coujunctivis
1453 1523 1523 1578 ἔχη

61 1603 102 1636 et
132 1596 344 1649 παραμένῃ
385 1611 452 1636 nr.
485 1596 511 1637 2
549 1596 580 1636 l.
618 1596 683 1637 10.
720 1596 797 1647 15,
845 1595 919 1635 uhi
961 1611 1078 1636 more
1110 1593 1274 1635 Dorico
1313 1592 1526 1634 omittitur

60 1663 147 1705 vid.
191 1666 230 1717 Q.
264 1662 318 1705 36
359 1679 426 1704 nr.
461 1663 511 1716 3,
565 1670 606 1704 ct
638 1663 907 1720 diphthongo
949 1679 982 1702 ει
1022 1679 1098 1719 pro
1139 1671 1154 1700 ῖ
1196 1679 1248 1703 ex
1279 1661 1523 1718 antiquiore

59 1731 376 1773 consuetudine
408 1739 589 1772 utuntur
619 1731 664 1772 in
698 1730 952 1772 ἀποτεισάτω)
994 1731 1081 1772 vid.
1115 1747 1158 1788 p.
1194 1731 1275 1772 184
1306 1737 1347 1770 et
1378 1735 1523 1770 7109&—

58 1801 158 1839 κε’τω
191 1799 278 1840 vid.
313 1799 449 1852 insr.,
496 1815 717 1856 nunquam
751 1799 795 1839 in
827 1799 924 1840 aliis
955 1807 1000 1840 ut
1032 1801 1200 1848 Αἴμου,
1244 1797 1362 1850 τιμά,·
1404 1796 1522 1837 deni-

58 1883 142 1924 que
172 1867 284 1908 nihil
316 1874 381 1908 est
410 1883 486 1908 cur
515 1875 614 1924 post
644 1867 883 1908 secundum
914 1884 935 1908 a
969 1866 1069 1908 Chr.
1107 1867 1325 1908 sacculum
1372 1865 1523 1920 scripti

58 1942 277 1991 putentur.
320 1935 503 1992 Reliqui
535 1945 717 1992 quatuor
737 1944 777 1976 ct
804 1935 998 1992 impurae
1029 1943 1130 1977 sunt
1159 1934 1331 1976 dialecti
1364 1941 1405 1974 et
1436 1933 1522 1974 iota

57 2002 288 2058 negligunt
318 2009 360 2043 et
389 2019 424 2043 ει
455 2003 693 2044 secundum
725 2011 943 2044 recentem
973 2019 1134 2045 morem
1166 2020 1245 2061 pro
1284 2012 1299 2039 ῖ
1332 2001 1522 2058 positum

59 2078 101 2111 et
133 2070 416 2126 corruptioris
448 2072 554 2112 adeo
586 2070 955 2128 pronuntiationis
997 2071 1131 2112 multa
1165 2072 1418 2111 documenta
1450 2069 1520 2108 ha—

58 2138 176 2179 beut.
224 2137 427 2178 Ceterum
458 2140 575 2196 quod
595 2139 844 2181 Ulrichsius
876 2156 963 2181 non
995 2139 1164 2180 dubitat
1187 2139 1294 2196 quin
1316 2137 1520 2179 Soclarus

56 2205 295 2248 Aristionis
341 2206 644 2256 Tithorensis,
703 2224 832 2265 quem
882 2208 1145 2249 Plutarchus
1206 2207 1248 2247 in
1295 2204 1520 2246 Amatorio

58 2281 387 2326 commemorat,
421 2291 508 2316 non
534 2275 730 2317 diversus
762 2276 818 2316 sit
845 2276 897 2316 ab
917 2276 1091 2318 homine
1115 2275 1311 2330 ejusdem
1331 2272 1522 2314 nominis

57 2360 123 2384 nr.
151 2343 196 2396 4,
228 2342 274 2383 in
307 2342 485 2383 familiis
517 2343 740 2385 nobilibus
772 2343 920 2385 eadem
952 2344 1128 2385 nomina
1159 2359 1237 2400 per
1266 2342 1398 2383 multa
1430 2356 1520 2382 sae-

56 2411 153 2452 cula
180 2411 411 2467 propagari
442 2411 652 2453 solebant.

170 2477 466 2530 Notabiliora,
508 2487 721 2535 quatenus
763 2487 908 2522 nostra
947 2480 1155 2533 interest,
1200 2480 1348 2520 insunt
1385 2479 1517 2519 haec:

58 2547 308 2599 ἱαρανθεσιά
349 2547 526 2604 antiqua
566 2548 703 2590 forma
743 2565 820 2606 pro
861 2550 1129 2602 iffpavaflwt'a
1161 2548 1191 2588 i.
1224 2564 1262 2587 e.
1296 2545 1387 2599 ἱερὰ
1421 2545 1521 2586 ἀνά-

57 2621 179 2662 θεσις
219 2614 264 2655 in
309 2614 433 2655 titulo
479 2617 676 2672 quamvis
715 2615 881 2657 recenti
919 2633 985 2656 nr.
1020 2617 1044 2656 4
1077 2616 1106 2656 l.
1141 2616 1191 2656 31
1235 2614 1321 2655 vid.
1361 2616 1402 2667 {³
1439 2612 1518 2660 16ε,

53 2680 393 2730 ’συνευδοκεόντος
433 2691 475 2724 et
517 2684 833 2738 σ’τραταγέοντος
875 2699 940 2724 nr.
976 2684 1013 2724 1.
1047 2685 1073 2724 2
1117 2699 1140 2724 e
1180 2698 1298 2724 more
1339 2681 1518 2722 Doridis

780 2752 797 2760 -r

57 2750 409 2806 septentrionalis
450 2750 537 2792 vid.
582 2752 624 2804 Q
653 2750 735 2801 ⁶26,
778 2764 825 2804 z),
873 2750 914 2792 τὸ
950 2751 1098 2802 ἥμισυν
1130 2750 1173 2791 in
1206 2750 1409 2792 omnihus
1442 2765 1518 2791 sex
