1779 3079
374 221 414 278 ᾗ.
452 221 531 269 25.
594 220 667 267 De
698 240 764 278 εε,
798 239 870 276 οε,
905 239 956 264 οο
993 218 1266 266 contractis.
1445 221 1545 268 203

212 352 258 408 a)
318 353 352 395 E
399 352 543 396 verbis
591 349 845 395 contractis:
906 349 1067 407 Amph.
1110 352 1219 394 1688
1265 352 1543 404 ἐφακείσθων,

101 422 379 475 ε’φακεῖσθαι,
423 421 600 478 Coi-cyr.
635 418 742 462 1845
773 419 986 472 αἱρεῖσθαι
1018 417 1153 473 (recte
1183 419 1426 461 Boeckliius
1458 435 1544 463 non
1593 467 1599 474 ,

101 490 303 532 toleravit
330 487 486 539 ποιήτω
518 489 548 530 l.
579 487 678 536 94),
725 484 868 528 Rhod.
900 485 1027 539 2525,
1059 485 1086 526 b
1116 488 1366 537 ποιείσθων,
1418 488 1549 529 ποιεί-

105 563 305 606 σθωσαν,
354 555 624 611 εὐχαριστεῖν,
673 555 816 603 κινεῖν,
875 552 985 595 2905
1026 551 1299 606 ἆμφεσβάτει,
1343 555 1544 613 Astypal.

101 625 228 668 2483.
260 624 371 667 2484
401 621 626 671 ἐπεστάτει,
662 622 846 671 διετέλει,
877 621 1010 663 Ther.
1040 621 1152 664 2448
1180 624 1387 672 πωλείτω,
1420 624 1549 677 αἱρεί-

101 710 183 742 τω,
215 692 513 746 προνοεῖσθαι,
544 690 784 739 ποιεῖσθαι,
818 690 1076 743 ε’πιχεῖσθαι,
1107 688 1267 746 Agrig.
1299 691 1449 742 τιμεῖν,
1483 689 1549 731 εὐ-

102 761 270 814 εργετεῖν
302 767 382 801 ete.
445 757 616 799 Deinde
648 757 804 815 Epieh.
839 756 919 799 135
953 758 1165 811 δωρεῖται,
1209 758 1261 799 19
1292 759 1453 807 καλεῖν,
1493 758 1548 800 97

102 827 233 868 δοκεῖν
263 833 344 868 cte.
363 857 376 880 ,
409 825 564 884 Sophr.
598 826 650 868 35
684 825 993 874 εἰλισκοπεῖται,
1025 826 1078 867 41
1108 826 1302 874 θωκεῖτε,
1334 824 1447 883 apud
1465 824 1548 865 Ar-

100 893 338 936 chimedem
369 895 556 952 ubique,
587 894 781 935 Aeharn.
812 892 894 935 743
926 892 1065 946 φώνει.

210 963 257 1009 h)
318 962 508 1004 Futura:
570 961 720 1003 Alaes.
764 961 1013 1015 ε’ργαξεῖται,
1058 959 1214 1017 Epich.
1257 960 1312 1002 98
1353 959 1547 1010 ἐσσεῖται,

102 1028 183 1072 106
212 1031 444 1079 πνιξεῖσθε,
492 1028 724 1071 Dinoloch.
758 1044 825 1085 ap.
859 1028 985 1070 Phot.
1017 1045 1060 1086 p.
1093 1027 1202 1080 639,
1236 1027 1288 1069 15
1321 1028 1546 1080 δραμεῖται.

102 1096 258 1154 Sophr.
291 1098 344 1139 23
376 1098 618 1146 ε’σσεῖσθαι,
652 1096 707 1139 88
740 1095 978 1150 ώνασεῖται,
1016 1095 1212 1137 Arehim.
1246 1095 1297 1136 dc
1327 1095 1471 1137 Helie.
1504 1112 1546 1153 p.

99 1165 182 1206 219
213 1165 413 1215 ἐσσεῖται,
449 1164 501 1206 de
536 1163 720 1205 Conoid.
753 1179 793 1220 p.
824 1163 908 1206 276
941 1164 1174 1203 δυνασεῖται
1203 1170 1314 1217 etc.:,
1355 1162 1547 1205 Acharn.

101 1232 183 1274 707
215 1233 386 1280 δοξεῖτε,
432 1233 515 1274 708
546 1233 685 1280 ἱξεῖτε,
732 1238 778 1272 ut
816 1247 932 1273 nune
959 1230 1215 1273 Dindorfius
1246 1246 1268 1272 e
1299 1230 1549 1273 Ravennate

99 1314 177 1355 pro
209 1302 305 1347 ἵξετε
335 1299 585 1357 rescripsit,
624 1298 706 1340 709
735 1301 1030 1352 πειρασεῖσθε,
1063 1299 1145 1341 712
1175 1300 1434 1353 γρυλλιξεῖτε,
1467 1299 1550 1342 717

100 1367 248 1417 ἦσεῖτε.
324 1367 550 1409 Praeterea
579 1366 710 1422 vulgo
741 1366 957 1422 ejusmodi
988 1368 1150 1409 formae
1179 1365 1366 1409 Doricae
1397 1382 1550 1409 vocan-

100 1442 194 1488 tur,
225 1434 313 1476 vid.
345 1435 386 1488 ξ.
421 1435 473 1477 35
515 1441 604 1476 not.
638 1435 679 1476 3.

212 1517 251 1544 c.
285 1500 330 1558 d)
391 1502 574 1560 Saepius
604 1501 705 1556 εἶχεν
733 1508 799 1543 est
827 1501 873 1543 in
902 1501 1042 1544 titulis
1071 1501 1331 1559 Delphicis,
1367 1500 1550 1553 ἀφείλετο

102 1569 283 1626 Corcyr.
332 1570 465 1623 1838,
502 1570 555 1619 b,
617 1568 832 1621 ἀνειλόμαν
873 1569 1064 1612 Acharn.
1111 1570 1219 1624 776,
1276 1568 1551 1624 Ἶίράκλειτος

100 1637 262 1678 Aearn.
302 1637 420 1686 1793,
441 1653 464 1678 a
494 1646 575 1679 ete.

214 1702 259 1758 3)
303 1704 468 1746 Eadem
497 1703 662 1747 ratione
695 1704 886 1746 severior
906 1703 1041 1746 Doris
1073 1721 1128 1746 οο
1159 1711 1202 1746 et
1232 1720 1283 1746 οε
1313 1704 1357 1745 in
1389 1721 1420 1745 ω
1451 1719 1551 1746 eon-

96 1770 275 1827 jungit,
322 1787 430 1829 quae
472 1772 518 1813 in
558 1772 728 1813 mitiore
759 1771 926 1814 Doride
956 1772 1071 1813 sieut
1098 1772 1231 1828 vulgo
1260 1772 1306 1813 in
1338 1789 1386 1814 ου
1415 1774 1553 1815 coale-

103 1846 244 1880 scunt.
306 1840 387 1881 Illa
417 1839 722 1881 contractionis
752 1839 860 1880 ratio
891 1839 934 1879 in
967 1839 1034 1881 his
1067 1847 1307 1897 spectatur:

213 1907 254 1958 a)
314 1906 507 1948 Genitivi
555 1908 769 1949 secundae
817 1906 1122 1949 declinationis
1168 1907 1410 1950 terminatio
1456 1925 1486 1948 ω
1530 1925 1551 1950 a

103 1974 390 2031 grammaticis
420 1974 581 2016 Dorica
616 1982 794 2017 vocatur
814 1976 848 2026 ⁴)
879 1982 921 2015 et
949 1975 1162 2032 reperitur
1191 1975 1235 2016 in
1267 1964 1334 2016 his
1367 1976 1551 2018 severio-

102 2041 164 2082 ris
193 2041 375 2082 Doridis
408 2043 631 2084 fontibust
677 2043 818 2084 Tahb.
852 2042 1054 2096 Heracl.,
1088 2043 1258 2097 Erum,
1292 2042 1409 2085 Cret.
1440 2043 1552 2086 2554

104 2108 304 2151 -2558.
348 2110 472 2152 3047.
514 2110 625 2153 3050
653 2137 704 2142 —-
729 2110 841 2153 3054
893 2117 934 2151 et
983 2110 1030 2151 in
1070 2111 1316 2152 recentibus
1363 2111 1549 2154 Creticis

105 2174 230 2217 2563.
267 2175 392 2217 2566.
424 2177 549 2219 2567.
581 2178 717 2231 2598,
772 2177 931 2235 Cyl-en.
973 2178 1091 2219 1—3.
1126 2179 1253 2221 4—9.
1289 2180 1452 2221 ‘ll—13
1483 2178 1551 2233 (in

106 2241 247 2283 titulis
278 2259 342 2283 nr.
372 2243 411 2284 6.
436 2244 462 2286 7
491 2245 684 2302 vulg-aris
718 2246 898 2301 genitivi
928 2247 1061 2287 forma
1092 2246 1275 2287 subinde
1306 2245 1551 2287 intermixta

107 2316 197 2362 cst,
229 2310 407 2352 fortasse
437 2312 529 2353 solo
561 2313 893 2355 describentium
924 2314 1103 2364 errore).
1162 2314 1334 2355 Deinde
1357 2313 1552 2367 ejusdem

107 2377 266 2419 formae
307 2380 498 2436 exempla
538 2380 722 2438 plurima
762 2389 861 2422 sunt
889 2381 1002 2438 apud
1032 2381 1285 2422 Alcmauem
1318 2387 1359 2422 et
1388 2380 1432 2421 in
1465 2382 1552 2438 Ly·

109 2445 303 2494 sisti-ata,
349 2448 510 2487 Ποτιδᾶ
538 2450 686 2488 ποντίω
717 2448 761 2489 in
792 2449 1024 2506 Eupolidis
1055 2448 1287 2489 Helotibus
1319 2448 1432 2504 apud
1462 2448 1551 2490 He-

106 2514 199 2553 rod.
240 2531 284 2554 π.
316 2531 358 2565 μ.
392 2519 424 2555 λ.
468 2514 548 2567 10,
590 2515 671 2568 34,
717 2515 814 2556 ἑπτὰ
856 2517 1089 2567 μαθαλίδας
1130 2514 1257 2568 ε’πι’χε’
1298 2516 1392 2566 ἡμῖν
1440 2514 1547 2572 (leg.

109 2577 211 2635 ἐμὶν)
252 2583 308 2620 τῶ
349 2580 574 2634 γλυκυτάτω
614 2582 658 2622 in
701 2582 847 2624 Blaesi
883 2583 981 2624 Itali
1020 2578 1203 2624 Satur'no
1242 2583 1354 2639 apud
1385 2583 1545 2625 Athen.

153 2733 189 2767 4)
239 2732 417 2775 Apollon.
446 2732 493 2765 de
520 2743 623 2776 pron.
652 2734 706 2767 98.
724 2733 753 2767 C
779 2733 938 2766 Doricos
964 2740 1068 2767 vocat
1093 2734 1278 2776 genitivos
1301 2734 1400 2779 τήνω,
1426 2736 1549 2778 τούτω,

109 2785 221 2826 αὐτῶ,
254 2790 299 2822 cs.
327 2790 440 2832 Greg.
469 2790 507 2824 C.
538 2793 620 2830 191,
651 2790 778 2825 Scholl
819 2791 980 2826 Theocr.
1010 2790 1107 2831 Vll,
1140 2792 1210 2825 ¹49.
