1779 3079
252 180 351 229 542
654 178 882 227 Addenda
919 189 965 227 et
996 181 1308 247 Corrigenda.

364 318 437 368 21)
481 316 581 359 Par.
614 318 651 357 εἰ
678 315 816 370 φεύγει
844 343 899 349 —
931 319 976 358 αἰ
1002 319 1045 360 de
1077 319 1192 375 δῶρα
1221 318 1409 372 ‘audent'
1441 320 1541 362 ἅλλα
1573 318 1709 377 (nune

252 385 378 428 nobis
411 383 512 426 ἀλλὰ
542 384 682 442 magis
703 384 882 437 arridet)
912 410 965 416 —
996 388 1084 427 αἰδε
1103 404 1158 439 μη
1191 411 1244 418 —-
1276 387 1441 442 φιλήσει
1470 388 1584 431 κῶυκ
1616 390 1711 431 ἐθέ-

252 460 353 502 λοις.
379 454 478 495 ἐλθέ
493 470 564 506 μοι
583 481 636 487 -
667 452 845 508 χαλεπᾶν
873 480 928 499 ε
958 456 1155 508 μέριμναν
1186 454 1269 496 ὅσα
1299 456 1345 496 δέ
1371 473 1443 508 μοι
1471 457 1631 499 τελέσαι
1655 480 1710 488 -

253 522 381 576 fija-{960
409 525 600 563 τελεσσον
631 521 724 562 συδ’
758 520 860 562 αυτοὶ
891 522 1118 578 σύμμαχος.

455 589 512 632 ὤς
560 590 757 643 (Lacuna
797 590 967 633 dimidii
1007 607 1192 648 versus3
1253 593 1366 636 illud
1405 594 1582 652 signum
1620 609 1711 637 sae·

696 658 797 716 pius
827 659 873 700 in
904 660 1089 712 codiee).

251 730 399 784 Quum
429 727 530 769 ἔσσο
560 742 647 769 non
675 727 822 768 minus
851 727 897 769 in
927 728 1093 770 Aldina
1123 728 1266 782 desit,
1316 731 1534 788 suspicio,
1583 746 1710 788 quam

250 797 303 839 de
333 799 413 839 hac
442 797 581 839 forma
615 795 923 853 concepimus,
964 797 1212 838 confirmari
1240 797 1428 840 videtur.
1504 801 1711 841 Attamen

249 874 348 924 post
377 880 426 906 ea
457 880 566 922 quae
598 864 903 920 congessimus
936 863 988 904 L.
1023 863 1082 904 Il.
1117 865 1158 917 ξ.
1184 863 1239 905 40
1269 871 1311 905 et
1342 865 1388 905 in
1420 867 1626 908 Addend.
1658 867 1712 908 ad

248 934 292 974 h.
325 932 356 975 l.
377 964 390 986 9
436 932 580 974 minus
610 930 817 971 audemus
850 947 943 972 eam
973 930 1026 972 ab
1057 930 1242 974 Aeolica
1274 931 1461 974 dialecto
1493 933 1713 989 abjudica-

247 1017 310 1042 re.
373 999 539 1042 Eadem
570 999 814 1048 sententia,
847 1015 975 1057 quam
1005 998 1253 1053 voluimus,
1285 1000 1504 1058 prodibit,
1548 1001 1587 1043 si
1616 1017 1714 1044 eum

249 1067 377 1110 codd.
410 1067 532 1109 Mon.
567 1075 609 1108 et
637 1071 680 1109 A
717 1066 823 1117 (ubi
855 1065 984 1116 αὐτᾶ)
1026 1067 1258 1126 scripseris
1293 1067 1340 1109 σι)
1373 1067 1414 1108 δ’
1447 1068 1549 1122 αὕτᾳ
1581 1069 1638 1121 (i.
1672 1085 1710 1111 e.

251 1138 397 1193 σαυτῇ)
432 1134 644 1191 σύμμαχος
674 1134 804 1187 3660,-
864 1135 902 1177 si
932 1135 1032 1193 quis
1062 1135 1292 1178 nobiscum
1322 1135 1512 1196 aliquam
1544 1136 1713 1179 dubita-

248 1204 413 1247 tionem
454 1204 507 1246 de
546 1203 792 1262 imperativi
830 1202 930 1245 ἔσσο
971 1203 1226 1262 antiquitate
1266 1205 1524 1259 retinuerit,
1574 1204 1715 1263 possit

250 1273 378 1315 etiam
410 1271 508 1313 ἔσθι
538 1272 784 1329 suspicari,
827 1288 936 1331 quae
967 1271 1271 1330 antiquissima
1300 1273 1545 1330 imperativi
1575 1274 1712 1316 forma

250 1357 303 1383 ex
333 1341 550 1382 Hecataeo
580 1341 755 1381 affertur
785 1339 831 1381 in
863 1340 1064 1382 Aneedd.
1101 1340 1215 1382 Oxx.
1250 1341 1300 1394 Ι,
1331 1342 1440 1396 207,
1473 1342 1542 1383 21.

361 1409 441 1450 Fr.
469 1409 511 1452 2.
572 1408 655 1450 Vs.
690 1409 729 1450 3.
779 1410 953 1450 πλασιόν
982 1409 1029 1450 in
1061 1408 1175 1450 Mori
1207 1408 1416 1466 Longino
1460 1410 1556 1451 sine
1594 1409 1712 1450 varia

249 1477 436 1519 lectione
475 1476 682 1534 scriptum
723 1484 852 1519 extat.
973 1478 1016 1529 5)
1060 1476 1227 1535 Optimi
1266 1477 1371 1519 libri
1409 1476 1454 1519 τό
1496 1476 1550 1530 μὴ
1593 1475 1707 1529 ἐμὰν,

250 1545 367 1587 unde
405 1543 450 1586 τὸ
491 1543 539 1594 ὂῆ
580 1544 678 1598 {nav
717 1545 983 1587 eliciendum
1021 1546 1289 1587 censuimus.
1407 1546 1452 1592 8)
1492 1545 1621 1587 Libri
1651 1543 1710 1586 ἔτ’

250 1614 376 1666 εἴκει,
438 1613 554 1670 quod
602 1613 878 1655 retinendum
935 1628 1030 1654 esse
1083 1613 1257 1655 videtur
1307 1613 1397 1655 vid.
1445 1613 1486 1667 ξ.
1519 1614 1572 1666 4,
1603 1613 1631 1655 7
1671 1620 1713 1654 et

249 1681 304 1723 L.
338 1681 398 1722 ΙΙ.
440 1683 482 1735 ξ.
516 1682 572 1723 42
602 1697 637 1722 s.
672 1698 713 1723 v.
748 1687 838 1723 ἵκω.
956 1681 1027 1731 13)
1073 1680 1140 1722 Eo
1168 1681 1461 1735 inclinamus,
1510 1688 1557 1722 ut
1587 1681 1713 1721 καὸὃέ

249 1749 296 1802 μ’
323 1751 473 1803 ἵὸρως,
508 1765 594 1807 quo
627 1750 790 1791 ducunt
821 1749 1017 1806 Longini
1047 1748 1173 1803 libri,
1195 1751 1446 1807 'genuinam
1477 1749 1709 1791 lectionem

250 1833 347 1859 esse
368 1826 436 1871 et,
470 1826 701 1875 postquam
731 1826 896 1859 mature
926 1819 971 1859 in
1005 1819 1029 1858 ἁ
1053 1817 1159 1870 δε’μ’
1189 1820 1315 1872 ἵὸρως
1346 1825 1545 1875 corrupta
1576 1824 1707 1870 esset,

249 1886 338 1927 vid.
373 1888 413 1939 ξ.
438 1887 509 1927 21.
544 1893 634 1928 not.
658 1887 739 1940 11,
786 1886 1036 1944 opinionem
1068 1886 1119 1927 de
1151 1886 1272 1928 vocis
1305 1885 1432 1940 ἱδρώς
1459 1901 1620 1942 genere
1650 1885 1710 1926 fe·

249 1953 416 1995 minino
446 1954 560 2010 apud
590 1955 754 1996 Aeoles
784 1963 928 1996 natam
958 1955 1271 1996 existimemus.
1357 1953 1537 1995 Cautius
1567 1960 1709 1993 tamen

251 2028 380 2079 aget,
424 2021 498 2078 qui
531 2022 556 2061 ἁ
587 2022 633 2061 δέ
657 2023 901 2064 retinuerit.
994 2022 1064 2070 15)
1112 2021 1296 2062 Meliore
1324 2021 1534 2062 librorum
1566 2027 1709 2061 aucto-

250 2090 377 2132 ritate
415 2088 659 2131 infinitivus
700 2090 940 2147 praesentis
969 2088 1150 2136 ’πιδεύην
1179 2088 1533 2141 commendatur,
1580 2103 1709 2146 quem

251 2175 399 2202 verum
430 2174 675 2200 censemus.
794 2157 864 2208 16)
913 2157 1024 2198 Cum
1057 2155 1246 2213 Bergkio
1279 2156 1378 2196 ἄλλα
1411 2156 1644 2198 scribimus
1676 2155 1706 2197 i.

252 2246 289 2272 e.
327 2227 419 2279 ἠλεή
470 2227 559 2269 vid.
610 2223 650 2284 ἓ.
683 2226 709 2269 8
730 2256 742 2279 ,
773 2227 829 2279 ὃ,
888 2241 1023 2282 eaque
1053 2240 1158 2266 voce
1201 2226 1420 2281 stropham
1451 2224 1707 2266 claudimus.

250 2297 442 2354 Reliqua
482 2298 566 2335 πᾶν
597 2293 794 2347 τολματόν
834 2294 918 2333 ἐπεὶ
956 2294 1056 2345 [καῖ]
1098 2293 1248 2341 πένητα
1288 2309 1383 2333 euni
1425 2291 1709 2349 sequentihus

252 2364 449 2422 Longini
482 2363 623 2404 verbis
662 2361 708 2404 οὐ
739 2360 966 2413 θαυμάζεις
998 2368 1078 2401 etc.
1121 2360 1166 2400 in
1208 2362 1320 2400 hunc
1358 2360 1530 2401 modum
1565 2374 1709 2400 emen-

254 2434 350 2475 data
390 2431 723 2487 conjungimus:
773 2433 854 2470 πᾶν
895 2427 938 2469 ”cd
971 2427 1171 2479 ᾀσμάτων
1203 2430 1258 2475 ὠς
1289 2428 1386 2475 ἔπος
1425 2428 1546 2467 εἰπεῖν
1587 2452 1640 2458 —
1684 2422 1710 2476 ἦ

253 2502 333 2555 γὰρ
375 2499 449 2546 οὐ,·
505 2524 545 2530 -
597 2496 826 2548 θαυμάζεις
864 2498 920 2544 aig
958 2495 1030 2536 ὑπ’
1065 2495 1160 2537 affui
1205 2501 1287 2536 κτλ.
1368 2495 1425 2536 Et
1457 2494 1657 2547 ᾀσμάτων
1685 2509 1708 2535 a

254 2569 383 2611 nobis
415 2574 636 2624 acceptum
669 2566 884 2621 Bergkius
917 2563 1126 2621 probavit.

368 2638 447 2678 Fr.
480 2637 521 2677 3.
586 2635 634 2674 ln
668 2636 782 2675 bunc
811 2632 983 2674 modum
1014 2633 1227 2688 relingere
1258 2631 1351 2673 ausi
1384 2646 1565 2674 sumus:

447 2704 640 2755 ''Aotzpeg
674 2701 731 2742 δι’
764 2701 961 2755 ἄργυριάιι
992 2699 1162 2740 συζάναν

457 2771 517 2823 ἂψ
550 2770 849 2824 ἀπυκρύπτοισι
882 2768 1057 2821 (ιάεννον
1087 2768 1193 2816 εἶδος
