1779 3079
226 165 326 215 412
566 167 607 225 §.
640 167 718 216 48.
792 167 866 213 De
902 165 1099 213 mitiore
1134 167 1329 215 Doride.

225 299 366 357 magis
395 299 590 341 minusve
611 299 860 355 inclinatur,
891 301 1090 356 maxime,
1125 310 1330 360 quantum
1352 303 1527 353 scimus,
1561 304 1677 362 apud

226 366 479 424 Calymnios
527 375 569 410 et
612 368 1010 426 Astypalaenmses,
1057 370 1236 411 minime
1277 371 1391 428 apud
1434 371 1675 424 Theraeos,

223 451 349 492 quam
380 435 687 479 contractionis
716 437 925 479 rationem
952 455 973 479 a
995 438 1152 480 vicinis
1179 439 1355 480 [onibus
1376 439 1558 481 mutuati
1580 454 1676 481 esse

222 502 437 546 videntur.
500 503 701 546 Ceterum
730 504 842 548 inter
875 523 921 548 se
956 506 1161 548 differunt

333 572 375 623 a)
433 571 778 615 Rhodiorum
819 574 1053 629 dialectus‚
1101 591 1210 633 quae
1250 574 1399 616 eadem
1437 574 1482 615 in
1524 573 1675 626 Gelae,

222 638 492 682 Rhodiorum
533 641 752 695 coloniae,
813 650 854 683 et
884 642 1120 701 Agrigenti
1164 658 1185 683 a
1218 642 1482 684 Gelensibus
1514 640 1678 683 conditi

221 706 360 749 titulis
400 709 679 766 conspicitur.
755 709 943 752 Vocales
975 727 1016 751 εο
1048 710 1093 751 in
1122 710 1263 752 titulis
1294 709 1481 752 Rhodiis
1511 716 1678 752 contra-

218 782 310 816 ctae
342 791 384 816 ευ
414 777 605 819 efficiunt
634 777 679 818 in
712 778 919 835 genitivis
949 794 1102 819 vocum
1135 778 1180 819 in
1211 795 1260 827 ης
1285 785 1326 820 et
1351 796 1420 826 ος,
1455 793 1564 836 quae
1593 785 1677 818 ter·

216 842 318 883 tiam
351 844 682 887 declinationem
714 853 976 902 sequuntur,
1020 854 1068 887 ut
1097 845 1363 898 Εὐκράτευς,
1397 845 1540 900 ὄρευς,
1574 860 1676 886 con-

216 917 280 952 tra
311 912 481 968 vulgari
511 914 678 954 ratione
708 930 752 954 ου
785 913 829 953 in
860 913 1004 954 verbis
1036 914 1266 954 contractis
1308 921 1349 954 et
1387 913 1544 955 futuris
1584 912 1674 954 vid.

218 980 258 1032 ξ.
280 980 362 1033 26,
394 981 435 1021 3.
469 979 510 1022 5.
574 980 896 1023 Timocreontis
927 989 1069 1022 tamen
1100 981 1310 1023 dialectns
1339 980 1558 1038 antiquior
1587 996 1675 1022 om-

215 1063 315 1089 nem
344 1048 559 1090 vocalium
591 1064 632 1090 εο
657 1056 699 1090 et
720 1065 771 1090 εω
803 1049 1137 1092 contractionem
1159 1055 1396 1103 aversatur,
1428 1064 1674 1107 quanquam

216 1115 431 1171 synizesis
462 1133 637 1171 amans,
671 1124 712 1159 et
744 1117 789 1158 in
820 1116 1209 1175 Agrigentinorum
1244 1118 1439 1166 decreto,
1481 1115 1597 1175 quod
1628 1115 1675 1157 in

213 1183 358 1225 verbis
390 1201 436 1226 ου
466 1185 735 1244 frequentat,
770 1187 972 1234 Λιοκλεός
1003 1194 1067 1228 est
1087 1185 1333 1227 Rhodiacae
1365 1183 1675 1227 contractionis

213 1265 382 1309 expers.
442 1253 594 1312 Itaque
625 1253 788 1296 Rhodii
819 1253 1016 1295 Ionicum
1049 1271 1091 1295 ευ
1129 1262 1227 1312 post
1267 1253 1481 1296 coloniam
1512 1252 1674 1293 Gelen-

214 1335 304 1361 scm
353 1328 479 1380 atque
527 1322 634 1365 adeo
680 1330 780 1380 post
817 1322 1169 1364 Timocreontem
1208 1322 1416 1380 probasse
1453 1320 1671 1363 videntur.

213 1387 403 1430 Rhodiis
435 1406 671 1449 eorumque
701 1391 870 1432 colonis
901 1390 1137 1449 peculiaris
1183 1398 1247 1432 est
1275 1388 1596 1445 conjug-ationis
1627 1389 1674 1429 in

212 1473 257 1508 μι
287 1456 528 1500 infinitivus
559 1459 605 1500 in
636 1476 724 1512 μειν
755 1467 802 1500 ut
833 1458 969 1511 δόμειν
997 1475 1077 1516 pro
1110 1457 1256 1510 δόμων,
1290 1458 1406 1515 quod
1437 1456 1579 1499 omnis
1608 1471 1673 1497 re-

210 1524 333 1582 liqna
361 1525 496 1568 Doris
528 1527 656 1569 habet
685 1527 774 1570 vid.
807 1527 849 1581 ξ.
883 1529 963 1581 39,
997 1528 1038 1569 5.
1108 1526 1180 1568 Illi
1211 1524 1533 1583 conjugationis
1564 1523 1607 1565 in
1641 1540 1673 1563 ω

210 1593 557 1637 terminationem
590 1613 646 1637 ειν
675 1613 753 1654 per
783 1596 934 1638 malam
967 1594 1210 1651 analogiam
1241 1594 1293 1635 ad
1324 1592 1674 1649 conjugationem

210 1659 256 1701 in
287 1679 333 1714 μι
363 1664 638 1706 transtulisse
668 1664 885 1706 videntur.
963 1663 1092 1717 Quod
1123 1663 1409 1721 Epicharmus
1437 1660 1671 1718 aliquoties

214 1728 471 1772 Gelensium
501 1732 547 1773 in
580 1734 658 1774 hac
699 1749 744 1774 re
784 1749 910 1775 nsum
953 1731 1146 1773 imitatus
1186 1747 1283 1772 esse
1325 1730 1519 1782 videtur,
1571 1728 1671 1769 vide

212 1813 340 1855 supra
372 1816 437 1840 nr.
470 1801 511 1842 2.
581 1799 733 1841 Minus
765 1800 998 1858 peculiaris
1029 1807 1093 1841 cst
1124 1799 1366 1840 infinitivus
1396 1796 1577 1855 perfecti
1605 1812 1672 1849 76-

208 1864 362 1917 γόιιειν,
416 1868 490 1925 qni
522 1876 562 1909 ct
594 1869 638 1909 in
673 1869 846 1910 Rhodio
874 1869 1000 1910 titulo
1031 1876 1073 1908 ct
1104 1867 1148 1908 in
1180 1865 1476 1923 Agrigentino
1508 1865 1671 1920 legitur

208 1936 250 1985 ἴς.
283 1934 361 1987 41,
395 1935 435 1975 5·
511 1935 670 1978 Contra
715 1937 828 1994 apud
868 1937 976 1977 alios
1007 1935 1289 1976 Doriensinm
1329 1949 1415 1974 non
1457 1931 1671 1989 reperitur

209 2000 407 2042 Ionicum
440 2004 592 2053 ξεῖνος,
627 2021 711 2061 qno
745 2004 908 2046 Rhodii
940 2011 981 2045 ct
1011 2003 1157 2044 coloni
1190 2002 1257 2042 usi
1292 2008 1392 2041 sunt
1420 1999 1508 2039 vid.
1536 1999 1666 2051 §.YL

209 2068 366 2110 deinde
396 2070 574 2112 verbum
606 2074 730 2124 τιμᾶν
761 2089 837 2129 pro
868 2074 1016 2123 τιμᾶν,
1063 2073 1205 2121 τιμῆν,
1253 2068 1369 2126 qnod
1400 2066 1586 2108 Rhodiis
1627 2072 1669 2107 ct

208 2137 517 2196 Agrigentinis
563 2156 790 2181 commune
831 2146 920 2190 est,
978 2139 1215 2196 persectum
1259 2139 1449 2191 εϊσχημαι
1495 2133 1546 2174 ab
1588 2132 1666 2187 ἔχω

208 2207 320 2264 apud
344 2207 533 2249 eosdem.
593 2208 742 2249 Tertia
775 2206 956 2265 pluralis
993 2206 1343 2262 impcrativorum
1376 2201 1579 2258 objectivi
1602 2216 1666 2242 sc·

207 2275 396 2316 cundum
427 2276 649 2334 vulgarem
681 2275 964 2317 Doriensinm
997 2291 1122 2315 nsum
1155 2274 1198 2314 in
1233 2290 1307 2313 vro)
1350 2271 1437 2312 exit
1480 2277 1526 2310 ut
1565 2274 1666 2322 λαμ-

207 2343 417 2395 fiamus»,
453 2345 770 2400 subjectivum,
802 2343 923 2384 tertia
956 2343 1130 2400 quidem
1162 2341 1335 2396 linguae
1361 2346 1523 2389 aetate,
1556 2356 1577 2378 v11
1599 2353 1664 2379 as-

208 2413 392 2469 sumpsit
426 2421 471 2453 ut
504 2412 752 2466 πριάσθωιι,
787 2411 874 2452 wid.
908 2412 950 2463 Q.
979 2410 1057 2458 36,
1092 2412 1142 2453 siz.
1175 2410 1226 2450 (le
1258 2410 1508 2450 colonorum
1542 2405 1664 2447 Sicu-

208 2479 346 2521 lorum
388 2497 470 2522 usu
511 2497 597 2521 non
639 2487 819 2521 constat.
896 2479 1064 2519 vocum
1107 2478 1150 2518 in
1193 2494 1259 2524 εις
1299 2474 1480 2531 genitivi
1514 2474 1557 2514 in
1588 2489 1665 2521 ἕως

208 2548 417 2590 maturius
460 2565 482 2589 a
523 2548 710 2590 Rhodiis
755 2563 880 2605 quam
926 2546 978 2587 ab
1025 2546 1122 2587 aliis
1164 2542 1453 2586 Doriensibus
1495 2541 1663 2600 probati

207 2631 302 2658 esse
334 2616 534 2657 videntur
564 2616 651 2657 vid.
685 2616 726 2668 Q.
759 2615 839 2669 30,
870 2616 911 2657 7.

319 2685 364 2733 b)
425 2684 839 2740 Calymniorum
870 2690 911 2724 ct
942 2680 1480 2740 Astypalaeensium
1512 2678 1661 2735 lingua

206 2769 228 2793 a
269 2751 436 2808 vulg-ari
476 2752 641 2793 Doridc
682 2753 775 2793 solo
817 2768 857 2793 εο
901 2751 944 2793 in
989 2767 1030 2791 ευ
1070 2749 1350 2792 contrahendi
1393 2763 1537 2799 more,
1583 2746 1656 2804 qui

1749 478 1753 489 «
1750 411 1759 433 «;
1741 128 1761 383 ὕκ-φ-’.ιντᾴᾰ
