1779 3079
261 217 361 267 308
761 216 834 261 De
863 212 1206 278 conjugatione.

262 350 392 391 rictas
423 346 688 405 conspicitur
717 349 761 389 in
793 347 1000 390 vocalium
1033 363 1114 387 ‹s-0
1147 354 1189 386 ct
1221 362 1306 385 e-‹r›
1338 361 1563 386 concursu.
1625 345 1701 387 Ni-

264 417 323 457 hil
357 423 539 457 mutatur
570 415 681 472 apud
712 416 970 472 plerosque,
1015 413 1088 471 qui
1131 413 1299 455 mitiore
1331 412 1495 455 Doride
1527 420 1704 454 utuntur
1761 444 1764 452 ,

263 483 438 539 (futuris
484 491 621 524 tamen
653 483 887 539 exceptis),
930 498 1005 523 nee
1040 482 1220 521 fortasse
1259 480 1302 521 in
1334 482 1508 538 antiqua
1538 480 1704 522 Doride
1759 475 1761 479 ¹

263 552 503 603 severiore,
549 550 636 591 vid.
679 551 720 603 ξ.
754 549 834 602 26,
865 550 906 591 6.
984 550 1127 603 Quum
1173 549 1406 590 contractio
1450 548 1704 600 admittitur,

263 635 316 660 ex
347 635 387 660 εο
419 618 463 659 in
497 616 709 660 sevcrIore
739 616 905 658 Doride
947 625 1019 658 aut
1058 634 1095 657 ιο
1137 617 1183 656 fit
1219 624 1290 656 aut
1330 634 1378 656 ιω
1417 624 1490 657 ant
1520 634 1551 656 ω
1581 624 1653 657 aut
1683 634 1703 657 υ

264 686 370 729 (vid.
405 686 445 739 ξ.
478 686 560 738 26,
595 686 633 726 1.
666 684 743 739 2),
775 684 819 724 in
854 684 1022 725 mitiore
1053 684 1217 725 Doride
1247 693 1318 724 aut
1349 702 1394 724 ου
1426 692 1498 725 ant
1528 701 1593 729 ευ,
1625 685 1706 724 hoc

261 755 441 796 sortasse
470 752 595 794 etiam
628 752 739 809 apud
771 751 1041 807 Cyrenaeos,
1075 752 1159 792 vid.
1193 752 1234 804 ξ.
1256 752 1327 804 26,
1360 752 1397 793 3.
1420 751 1459 792 5.
1521 751 1707 793 Voeales

264 838 315 862 εω
345 822 390 862 in
424 838 454 859 ω
486 820 758 867 coalescunt,
802 827 1096 875 praeterquam
1129 819 1240 875 apud
1271 834 1370 872 eos,
1414 819 1490 875 qni
1521 836 1561 860 ἑο
1593 819 1636 859 in
1667 835 1705 860 ιο

264 895 336 930 aut
367 905 414 928 ιω
446 894 635 939 mutant,
681 887 727 926 hi
766 885 879 926 enim
917 901 969 925 ex
1000 902 1049 925 εω
1082 886 1245 926 faciunt
1275 903 1338 925 ιω.
1403 886 1602 927 Ceterum
1643 887 1706 926 l'u—

264 956 346 997 turi
377 953 710 995 contractionem
752 967 837 992 non
880 952 995 1008 passi
1040 960 1199 993 tantum
1232 952 1276 992 in
1305 952 1466 1010 Amph.
1502 953 1608 995 1688
1637 970 1706 994 ex-

265 1023 402 1079 empla
433 1021 640 1079 quaedam
671 1020 962 1076 reperiuntur.

376 1087 703 1144 Monosyllahae
747 1087 902 1143 stirpes
943 1087 1179 1128 seeundum
1208 1086 1378 1127 Atticae
1410 1086 1581 1128 dialecti
1612 1103 1707 1128 nor—

265 1173 373 1197 mam
414 1155 747 1197 contractionem
788 1162 859 1195 aut
896 1154 1117 1211 patiuntur
1146 1162 1218 1195 aut
1247 1154 1491 1211 repudiant.
1551 1155 1614 1196 lta
1644 1156 1711 1207 (35-

267 1242 388 1271 οντα,
423 1225 588 1276 ρὲωσα,
621 1224 788 1262 δέωνται
819 1222 862 1262 in
894 1223 1099 1274 lleracl.,
1133 1222 1303 1269 νεούσας
1333 1222 1488 1278 Epich.
1522 1222 1590 1263 63.
1651 1222 1710 1264 Et

265 1309 287 1333 c
319 1290 531 1332 contrario
564 1290 853 1339 ‹)·2<?He1*acl.,
892 1292 972 1330 νεῖν
1001 1290 1155 1346 Epich.
1188 1289 1269 1341 26,
1313 1290 1545 1343 ἔπιχεῖσθαι
1573 1289 1705 1331 Ther.

263 1358 400 1410 2448,
432 1357 677 1398 Laconicus
708 1357 985 1415 imperativus
1018 1357 1147 1406 κάκκη
1181 1374 1202 1397 a
1238 1359 1422 1397 κατακέω
1454 1358 1540 1398 vid.
1573 1360 1613 1411 ξ.
1636 1358 1707 1410 25,

270 1427 305 1466 l.
339 1442 387 1477 a,
429 1425 530 1466 item
563 1428 640 1474 (ῑῆ,
676 1426 788 1478 τρέχε
819 1424 875 1476 (si
907 1425 1080 1481 quidem
1111 1432 1224 1466 recte
1255 1424 1312 1465 ita
1344 1425 1597 1482 scripsimus
1632 1442 1709 1482 pro

265 1495 411 1547 ῑςιεχει)
442 1492 529 1533 vid.
562 1492 601 1544 ξ.
629 1493 671 1544 7,
702 1493 754 1543 2,
790 1490 910 1541 inim)
940 1500 981 1533 et
1012 1492 1157 1544 ἔρρην,
1192 1508 1301 1549 quae
1334 1492 1585 1534 Heraclides
1616 1493 1710 1534 Do-

265 1560 352 1600 rica
394 1575 488 1600 esse
533 1559 659 1599 tradit
697 1574 775 1617 pro
818 1558 924 1599 ἔπλει
961 1568 1002 1601 et
1040 1560 1147 1612 ἔρρἑι
1193 1559 1298 1611 (vid.
1341 1559 1381 1612 ξ.
1424 1560 1478 1601 25
1523 1569 1611 1602 not.
1647 1558 1706 1616 1).

265 1626 389 1667 Adeo
419 1626 687 1681 conjunctivi
718 1627 952 1668 contractio
990 1627 1033 1668 in
1075 1629 1148 1684 δῇ,
1195 1627 1311 1685 quod
1350 1628 1625 1683 agnoscimus
1664 1628 1709 1668 in

265 1693 409 1740 καθώς
451 1711 501 1733 κα
543 1695 593 1743 ὃῆ
624 1693 802 1750 Coi-cyr.
840 1694 969 1743 1845,
1004 1694 1085 1737 138
1126 1710 1205 1736 nec
1249 1711 1343 1736 cnm
1383 1694 1602 1736 Boeckhio
1643 1696 1708 1750 δὲῃ

265 1761 483 1818 corrigere
524 1762 722 1803 volumus
743 1792 755 1813 ,
802 1769 843 1802 et
875 1763 1006 1810 δῆσθε
1039 1760 1194 1818 Sophr.
1231 1763 1251 1803 l
1284 1762 1455 1804 Atticae
1487 1771 1710 1804 consuetu-

266 1829 357 1869 dini
389 1845 475 1869 non
507 1829 779 1877 adversatur,
812 1828 899 1869 vid.
933 1828 1069 1869 Dind.
1103 1830 1154 1869 ad
1185 1829 1323 1870 Arist.
1357 1829 1467 1870 Ran.
1500 1831 1607 1883 2643
1642 1830 1707 1886 δὲῃ

265 1904 403 1937 tamen
438 1897 642 1952 seriptum
674 1904 740 1937 est
766 1896 964 1953 Thucyd.
999 1897 1057 1947 V,
1089 1897 1159 1938 79.
1229 1896 1320 1937 Nec
1351 1887 1486 1951 magis
1519 1896 1713 1948 αἰιὸόὑμε-

269 1981 336 2008 rog
369 1962 526 2019 Sophr.
547 1965 600 2004 97
632 1963 683 2003 ab
705 1963 851 2004 Attico
872 1979 951 2003 usu
975 1963 1160 2004 alienum
1192 1963 1277 2003 vid.
1298 1963 1460 2003 Buttm.
1494 1964 1513 2004 l
1546 1980 1588 2021 p.
1608 1965 1706 2006 481.

264 2031 456 2085 Antiqua
498 2030 655 2070 solutio
695 2030 746 2070 ah
778 2030 938 2071 Atticis
979 2030 1116 2070 aliena
1158 2031 1426 2086 conspicitur
1468 2031 1512 2071 in
1545 2032 1711 2072 νέεσθαι

269 2096 382 2137 Cret.
418 2096 526 2137 2555
558 2104 598 2135 et
630 2096 759 2150 ἕπι’χε’
791 2096 903 2152 apud
934 2096 1134 2137 Blaesum
1167 2098 1328 2139 Athen.
1360 2098 1453 2145 Xl,
1486 2096 1567 2140 487
1599 2098 1651 2140 C.

376 2162 535 2204 Mirum
568 2171 659 2216 est,
693 2164 808 2221 quod
839 2163 1092 2204 Heraclides
1124 2163 1228 2214 (vid.
1263 2170 1302 2216 ζ.
1336 2166 1416 2218 25,
1452 2166 1497 2219 l)
1539 2167 1590 2208 de
1620 2166 1708 2208 Do-

267 2229 368 2270 ricis
399 2230 520 2279 εἷ’ςιλην
553 2238 593 2270 et
626 2230 748 2283 ξ’(ἱρηιι
777 2238 874 2287 post
916 2231 1251 2273 contractionem
1285 2250 1303 2271 ν
1333 2233 1470 2284 ἑᾳελκ.
1504 2233 1710 2275 servanti—

267 2297 348 2337 hus
377 2297 528 2350 tradit,
563 2314 700 2354 neque
731 2305 869 2338 tamen
899 2297 1176 2351 incredibile,
1211 2316 1343 2356 quum
1373 2301 1453 2341 hoe
1485 2318 1506 2340 ν
1535 2316 1558 2341 e
1587 2318 1609 2340 τ
1638 2316 1710 2342 na-

267 2372 355 2404 tum
399 2364 476 2416 sit,
524 2366 638 2422 quod
678 2365 825 2406 tertiae
867 2365 1076 2422 singulari
1108 2367 1323 2423 praeteriti
1353 2368 1405 2408 ab
1437 2367 1607 2425 orig-ine
1636 2367 1711 2409 ad-

268 2432 428 2471 haeret.
461 2459 512 2464 —-
562 2433 623 2473 De
658 2432 830 2474 ultimae
860 2433 1152 2489 correptione,
1188 2451 1270 2492 qua
1301 2451 1399 2491 pars
1427 2434 1709 2478 Doriensium

266 2500 496 2539 secundam
529 2500 789 2556 singularem
823 2508 947 2557 atquc
980 2500 1237 2543 infinitivum
1266 2503 1481 2553 alliciunt,
1514 2510 1557 2543 nt
1581 2503 1708 2551 πυιές,

266 2566 401 2611 noodr,
437 2566 701 2620 ἁπογραψέν,
734 2566 830 2608 vide
857 2570 897 2617 ἧ.
930 2569 1009 2615 21,
1041 2569 1080 2608 5.
1117 2570 1156 2610 7.
1192 2597 1244 2601 —
1304 2568 1532 2626 Optatisns·
1563 2570 1711 2626 vulga-

268 2648 355 2672 rem
386 2633 594 2677 rationem
626 2634 819 2690 sequitur
852 2634 893 2674 in
927 2635 1182 2687 ἑιμορκεόιμι
1213 2636 1372 2693 Amph.
1411 2636 1543 2686 1688,
1594 2637 1711 2678 Aui-

268 2717 356 2740 cam
377 2731 388 2751 ,
421 2717 545 2756 quam
580 2702 751 2749 dicunt,
785 2702 827 2741 in
861 2701 1019 2751 (ἱὸικοιή
1054 2703 1170 2744 Cret.
1203 2704 1313 2744 2556
1343 2711 1379 2743 ct
1415 2705 1554 2752 δοκοίη
1589 2704 1712 2745 Thu·

264 2767 360 2822 οἷά.
393 2768 449 2811 Υ,
482 2770 550 2809 79.
616 2769 816 2811 Ceterum
848 2770 982 2810 suturi
1013 2771 1226 2826 optativus
1257 2786 1341 2812 non
1374 2770 1598 2828 reperitur.

1745 0 1769 111 ’πθ-νῦ

1752 327 1765 399 ἱ1;
