1779 3079
525 220 568 279 §.
597 222 641 269 5.
712 221 787 267 De
819 219 1079 284 digamma.
1463 218 1528 269 43

81 359 153 411 (ab
183 359 358 417 antiquo
390 357 740 414 ἀμπελοῗεργός),
785 356 830 398 in
863 359 992 411 ἔργω,
1040 370 1224 410 arceo,
1269 357 1382 400 unde
1412 373 1525 400 com-

80 426 220 484 posita
259 427 533 485 reperiuntur
573 425 760 480 ἇφέργω,
808 425 987 478 ἕφέργω,
1036 427 1211 476 συνὲργω
1251 424 1300 478 I,
1341 425 1410 467 83.
1452 425 1525 479 85,

80 494 125 536 in
169 500 259 544 ἴσος
296 495 365 537 vel
403 496 515 543 ἴσος,
562 492 609 546 I,
642 492 736 535 101.
771 492 864 534 122.
902 491 1007 546 1273
1066 498 1162 532 ante
1200 492 1294 548 ρἰι
1326 492 1456 547 ῥήτρα
1485 494 1524 547 l,

78 563 147 605 97.
183 563 262 606 103
305 562 378 614 (ef.
411 562 462 602 L.
496 560 517 602 I
558 555 597 616 ἓ.
632 559 709 614 52,
739 561 813 613 3),
859 559 1065 615 ἄρρηκτος·
1103 565 1144 599 et
1174 560 1364 614 ἐρρηγεῒα
1403 577 1425 602 a
1455 561 1527 614 ῥή-

78 647 196 684 γιιυμι
228 631 304 680 (ef.
337 630 387 671 L.
421 629 441 670 Ι
473 629 513 682 ξ.
547 627 598 682 5,
630 628 689 679 4).
724 656 775 661 -
834 627 1005 669 Recens
1035 626 1216 668 accessit
1243 626 1452 683 dig-amma
1480 629 1526 671 in

79 697 288 739 numerali
316 697 395 745 Fi}
424 696 604 754 ejusque
635 695 834 738 deriratis
863 694 1120 744 Ρεξήκοντα,
1152 694 1418 744 Γεξακάτιοι,
1450 697 1527 737 Γέ-

79 781 199 814 κτος,·
248 780 346 805 nam
376 780 517 821 neque
548 763 662 821 apud
692 763 798 805 alios
830 762 1044 816 Graecos,
1089 778 1229 819 neque
1258 762 1304 804 in
1335 763 1528 820 cognatis

77 832 239 889 linguis
271 831 465 883 (Sanser.
499 832 762 884 sehasch,
809 830 905 872 Lat.
937 845 1058 884 sex,
1100 829 1230 874 Goth.
1262 832 1434 881 saihs)
1467 830 1528 872 di-

77 900 234 958 gammi
265 899 494 957 vestigium
524 899 699 957 aliquod
727 905 914 956 apparet.

190 968 240 1009 In
271 974 432 1009 tessera
462 966 691 1009 Petiliensi
721 983 788 1007 nr.
815 967 842 1008 4
871 966 1031 1023 legitur
1059 968 1278 1017 Facula,
1311 967 1425 1009 unde
1456 983 1528 1026 ap-

77 1041 199 1093 paret
226 1051 314 1077 non
345 1051 494 1077 omnes
515 1035 705 1076 ltaliotas
736 1034 780 1075 in
810 1035 889 1076 hac
919 1034 1052 1091 stirpe
1073 1033 1284 1091 digamma
1303 1034 1527 1090 abjecisse.

79 1103 130 1144 ln
175 1119 273 1145 vase
312 1103 514 1161 antiquo,
574 1102 690 1159 quod
729 1102 773 1143 in
804 1101 963 1158 Magna
995 1101 1175 1143 Graecia
1216 1110 1432 1160 repertum
1461 1103 1532 1145 de-

78 1170 253 1228 scripsit
281 1171 464 1212 Abeken
504 1170 549 1211 in
589 1172 746 1212 Annali
782 1171 880 1211 dell’
922 1173 1017 1212 inst.
1051 1170 1098 1211 di
1127 1184 1235 1212 corr.
1267 1172 1383 1213 arch.
1425 1171 1529 1213 Vol.

77 1238 188 1279 VIII
219 1239 322 1279 fase.
344 1238 414 1292 II,
446 1246 511 1280 est
543 1240 750 1292 ΑἴΓας,
785 1238 928 1279 herois
958 1253 1130 1279 nomen.

191 1305 302 1347 Cum
333 1306 579 1348 Laconibus
611 1305 957 1362 conjunctissimi
995 1312 1096 1346 sunt
1127 1305 1384 1359 Cretenses,
1428 1321 1532 1364 quo-

79 1388 176 1415 rum
204 1373 334 1415 Vaxii
373 1380 487 1415 certe
529 1373 631 1415 satis
672 1374 835 1416 recenti
874 1381 1065 1432 tempore
1102 1373 1313 1430 dig-amma
1343 1373 1387 1414 in
1418 1374 1533 1432 ipso-

78 1456 174 1482 rum
203 1440 377 1483 nomine
409 1449 660 1496 servarunt,
692 1442 808 1499 quod
843 1441 991 1491 [άξιυι
1021 1442 1228 1499 scriptum
1258 1441 1388 1483 estin
1411 1457 1534 1483 num·

78 1507 185 1563 mis,
244 1508 346 1550 item
390 1510 459 1552 vel
494 1509 667 1558 Εαιίξιοι
698 1510 743 1551 in
772 1510 899 1552 titulo
928 1526 995 1551 nr.
1028 1509 1163 1563 3050,
1222 1525 1354 1567 quum
1385 1510 1535 1568 oppidi

78 1591 235 1618 nomen
266 1577 379 1635 apud
409 1577 642 1635 scriptores
674 1577 730 1618 sit
750 1578 885 1626 ‘'Ag-‘09
914 1577 984 1619 vel
1006 1577 1192 1627 ”Οαξος,
1224 1577 1311 1619 vid.
1340 1577 1532 1619 Boeclzh.

79 1644 132 1685 ad
165 1643 215 1686 C.
249 1645 286 1685 I.
328 1645 371 1686 II
410 1661 455 1702 p.
488 1645 588 1698 401,
612 1645 666 1698 b,
704 1645 869 1687 Hoeck.
906 1646 1033 1687 Creta
1066 1646 1085 1686 I
1125 1661 1170 1703 p.
1205 1645 1302 1688 397.
1336 1670 1388 1676 —-
1446 1645 1536 1687 Vix

78 1718 194 1753 reete
224 1711 470 1753 Boeekhius
500 1714 746 1761 Γικαδιόυος
775 1712 832 1754 Ν.
865 1713 918 1754 Ρ.
965 1712 1189 1771 rescripsit
1218 1713 1263 1754 in
1294 1713 1456 1755 recenti
1484 1713 1535 1755 ti-

79 1779 171 1820 tulo
203 1779 375 1820 Cretico
406 1795 472 1821 nr.
506 1780 631 1823 2598.

192 1847 236 1898 3)
295 1847 453 1888 Rarius
493 1848 607 1905 apud
650 1848 842 1905 reliquos
887 1848 1126 1890 Dorienses
1176 1854 1247 1889 aut
1290 1847 1431 1906 ipsum
1474 1848 1536 1890 di-

79 1927 246 1972 gamma
285 1921 357 1955 aut
396 1914 497 1956 olim
538 1915 807 1972 pronuntiati
846 1917 915 1958 vel
944 1916 1093 1974 scripti
1123 1915 1283 1957 indicia
1313 1916 1536 1974 reperiun-

80 1988 164 2023 tur.
199 2007 250 2011 —
312 1982 363 2023 In
393 1982 693 2040 antiquissimo
722 1983 848 2025 titulo
881 1984 1081 2026 Crissaeo
1109 1984 1158 2026 C.
1178 1984 1213 2025 I.
1247 2000 1314 2025 nr.
1336 1985 1377 2038 1,
1409 2000 1537 2042 quem

82 2049 302 2107 aliquanto
334 2050 664 2093 emendatiorem
704 2051 901 2093 exhihuit
930 2051 1201 2106 Ulrichsius,
1247 2057 1361 2093 certa
1390 2051 1537 2094 viden-

80 2124 152 2159 tur
181 2117 380 2165 uae'Fog
411 2124 452 2159 et
483 2120 707 2171 ac'Fel5).
785 2119 946 2161 Contra
969 2119 1062 2175 jam
1094 2119 1139 2161 in
1168 2119 1293 2161 titulo
1323 2119 1538 2176 Delphico

81 2200 149 2225 nr.
184 2184 318 2234 1688,
365 2184 440 2242 qui
469 2201 507 2227 a.
543 2187 628 2230 400
668 2187 854 2245 scriptus
893 2194 983 2241 est,
1008 2187 1195 2235 ,nullum
1226 2187 1437 2244 digamma
1467 2203 1537 2229 ex-

81 2258 172 2302 tat,
231 2252 462 2308 vestigium
498 2259 638 2296 tamen
679 2254 892 2312 quoddam
932 2255 977 2296 in
1022 2254 1357 2310 ἐπεργαζόμενος
1398 2254 1430 2296 l.
1466 2256 1535 2308 18,

81 2318 400 2378 praepositione
430 2320 655 2362 elisionem
685 2338 772 2364 non
802 2338 944 2380 passa.
1007 2323 1057 2364 In
1091 2322 1267 2380 antiquo
1297 2322 1422 2364 titulo
1452 2323 1535 2363 Ar-

84 2387 183 2444 givo
213 2402 280 2427 nr.
315 2387 367 2429 18
410 2387 578 2429 videtur
606 2387 789 2443 Fluastz)
831 2406 953 2444 esse,
1013 2390 1058 2432 in
1095 2390 1178 2431 alio
1218 2406 1285 2431 nr.
1321 2391 1372 2432 19
1412 2390 1535 2430 πεδά-

83 2459 231 2496 Focum
259 2454 290 2495 i.
325 2470 362 2496 e.
396 2456 599 2510 μέτοικοι,
646 2457 761 2514 quod
801 2457 927 2498 etiam
968 2458 1212 2515 corruptius
1253 2457 1297 2497 in
1328 2473 1393 2497 nr.
1430 2458 1482 2498 14
1512 2474 1534 2498 a

84 2520 302 2563 Boeckhio
329 2522 593 2579 agnoscitur.
662 2524 712 2565 In
742 2525 864 2582 galea
894 2525 946 2567 ab
976 2525 1181 2583 Argivis,
1223 2524 1260 2566 si
1289 2524 1533 2566 Boeckhius

130 2690 166 2722 5)
215 2687 425 2721 Ulrichsins
451 2696 641 2732 praeterea
678 2692 778 2732 eFoc,
819 2690 917 2733 quod
956 2691 1001 2723 ab
1037 2691 1144 2724 initio
1183 2689 1311 2731 habet,
1349 2690 1438 2734 legit
1473 2692 1530 2730 ἕως

87 2741 200 2787 (εἷος),
227 2745 272 2778 de
297 2756 369 2788 quo
399 2746 506 2779 valde
530 2746 756 2789 dubitamus-3
790 2746 926 2781 deinde
949 2748 1040 2789 Fui,
1068 2747 1165 2790 quod
1193 2746 1244 2780 Fa'
1270 2758 1350 2781 esse
1375 2748 1532 2785 debebat

90 2801 162 2835 vid.
188 2812 259 2836 not.
289 2806 321 2838 2.
