1779 3079
79 233 119 292 §.
139 233 216 280 50.
247 234 320 278 De
338 231 537 280 Doridis
560 248 793 297 generum
813 241 859 279 et
876 232 1148 294 specierum
1170 231 1370 298 origine.
1426 228 1527 278 427

78 369 124 410 in
164 368 379 410 Laconica
420 368 620 411 sederant
662 367 750 411 vid.
793 366 920 409 Miill.
969 367 1172 410 Orchom.
1220 384 1262 426 p.
1295 366 1392 410 317.
1426 366 1524 408 334.

77 437 167 479 Eae
196 452 297 480 vero
329 444 481 494 gentes
512 454 597 495 qua
628 437 811 478 dialecto
842 450 945 476 usae
978 435 1089 489 sint,
1122 436 1298 477 omnino
1318 451 1405 477 non
1427 449 1528 477 con-

79 512 177 547 stat.
249 504 299 547 Si
334 505 472 562 igitur
508 506 559 546 ab
601 505 657 546 iis
696 503 910 546 mitiorem
949 501 1161 545 Doridem
1206 504 1258 545 ad
1288 503 1447 546 Melios
1488 509 1530 545 et

77 573 300 615 Theraeos
330 589 528 615 manasse
559 573 854 630 suspicemur,
888 586 975 613 non
1005 579 1147 628 potest
1171 580 1318 614 contra
1343 570 1527 626 moneri,

77 641 193 698 quod
222 641 368 684 Melus
399 641 450 682 ab
482 640 676 696 ejusdem
709 639 895 697 agminis
925 646 1072 697 parte,
1119 655 1229 696 quae
1260 657 1282 681 e
1311 640 1530 682 Laconica

76 709 120 749 in
154 708 324 750 Cretam
355 709 624 767 perveniret,
673 715 878 765 occupata
908 723 1002 749 esse
1034 708 1217 762 dicitur,
1261 709 1363 749 latet
1395 708 1527 762 enim,

76 793 163 834 quo
201 777 381 819 Doridis
420 793 579 835 genere
619 792 693 818 eae
733 777 890 829 urbes,
938 791 1048 833 quac
1081 776 1132 817 ad
1164 775 1284 818 illam
1313 776 1528 832 originem

75 845 349 899 reseruntur,
397 853 445 887 ut
475 845 692 902 Gortyna,
737 860 840 886 usae
882 844 983 886 sint.
1054 844 1205 902 ltaque
1245 844 1291 885 in
1321 844 1529 887 hocloco

74 913 258 954 multum
290 912 572 955 dubitationis
603 921 695 967 est,
730 912 805 955 sed
835 913 970 954 ullam
999 912 1146 954 urbem
1177 912 1229 953 ab
1258 911 1368 969 ipsis
1401 911 1528 969 Spar-

74 980 188 1022 tanis
217 979 511 1023 Doriensibus
552 981 620 1023 vel
658 980 962 1038 antiquissimo
993 988 1185 1039 tempore
1215 980 1431 1022 conditam
1464 996 1529 1022 se-

73 1048 219 1090 verius
239 1049 423 1091 Doridis
453 1065 592 1106 genus
622 1049 897 1091 abhorruisse
929 1048 1196 1090 confidenter
1214 1048 1419 1091 contendi
1441 1064 1528 1090 non

72 1123 228 1173 potest.
306 1116 426 1170 Quid
462 1134 590 1172 vero,
645 1117 682 1158 si
722 1117 933 1174 mythicas
969 1117 1021 1158 de
1058 1116 1317 1159 Doriearnm
1357 1115 1529 1161 urbium

72 1184 366 1239 narrationes,
414 1201 522 1243 quae
564 1185 693 1227 modo
735 1185 943 1226 obscurae
986 1192 1110 1239 sunt,
1156 1185 1284 1227 modo
1323 1185 1438 1226 inter
1482 1201 1529 1226 se

71 1261 295 1310 pugnant,
340 1254 469 1295 modo
500 1253 745 1310 principum
775 1253 920 1310 potius
950 1270 1077 1310 quam
1108 1254 1366 1311 populorum
1398 1252 1530 1311 origi-

71 1335 171 1361 nem
203 1328 421 1378 spectant,
454 1329 729 1363 contemnere
763 1321 1028 1363 audeamus?
1094 1320 1191 1363 Jam
1221 1321 1445 1379 intelliges
1477 1337 1529 1363 ex

70 1387 286 1445 Argolide
312 1405 391 1446 per
410 1389 603 1444 Melum,
635 1389 1014 1446 Pholegandrum,
1046 1389 1233 1431 Thcram
1265 1397 1307 1430 et
1336 1389 1528 1447 reliquas

71 1454 286 1513 Sporades
319 1457 504 1499 Doricas
537 1474 677 1516 usque
708 1458 762 1499 ad
787 1459 938 1501 Cariae
969 1474 1091 1511 oraS,
1124 1457 1250 1515 quasi
1280 1458 1349 1499 via
1379 1473 1528 1499 neces-

72 1523 208 1574 saria,
240 1525 388 1567 mitius
418 1525 600 1568 Doridis
632 1542 770 1583 genus
800 1527 1040 1584 profectum
1072 1542 1167 1569 esse
1186 1558 1198 1580 ,
1231 1541 1374 1583 neque
1404 1525 1530 1567 aliter

71 1593 261 1638 severius
293 1609 317 1636 e
349 1594 565 1636 Laconica
594 1611 673 1653 per
703 1594 873 1637 Cretam
902 1595 947 1637 in
978 1595 1180 1652 Libyam.

182 1721 450 1780 Disquisitio
481 1732 628 1766 nostra
660 1740 709 1766 co
739 1725 946 1783 perducta
983 1733 1074 1778 est,
1120 1733 1166 1766 nt
1194 1724 1392 1781 proximo
1422 1731 1526 1765 tem-

70 1806 173 1847 pore
217 1799 444 1848 postquam
496 1793 576 1834 tria
625 1793 912 1835 Doriensinm
955 1809 1089 1849 regna
1132 1793 1177 1833 in
1218 1792 1526 1849 Peloponneso

69 1857 244 1899 condita
280 1867 452 1914 essent,
504 1861 665 1919 Argivi
705 1869 747 1903 et
778 1862 964 1904 fortasse
994 1860 1207 1903 Messenii
1236 1860 1406 1902 mitiore
1437 1861 1526 1901 Do·

68 1924 174 1966 ridis
206 1941 364 1983 genere
395 1927 464 1969 usi
494 1944 589 1969 esse
614 1929 866 1982 videantur,
900 1928 1101 1987 Spartani
1124 1929 1354 1971 severiore.
1406 1927 1528 1981 Quid

68 1991 233 2048 igitur?
293 1993 438 2047 Quum
471 1996 634 2037 nemini
665 1997 888 2054 probabile
918 1997 1057 2039 videri
1087 1996 1252 2054 possit,
1284 1997 1406 2055 ipsos
1437 1997 1526 2038 Do-

67 2060 238 2102 rienses
280 2061 326 2102 in
370 2063 724 2121 Peloponnesum
771 2064 986 2107 irruentes
1026 2081 1114 2106 non
1157 2065 1307 2107 eodem
1353 2065 1527 2107 dialecti

72 2143 233 2184 genere
262 2145 364 2171 usos
389 2147 514 2184 esse,
560 2148 663 2173 num
692 2133 885 2190 Argivos
916 2150 969 2174 an
1001 2133 1201 2175 Lacones
1232 2148 1286 2174 an
1318 2141 1525 2190 utrosque

69 2210 93 2235 a
126 2195 315 2252 genuina
335 2196 502 2240 Doride
533 2200 772 2243 descivisse
792 2201 1121 2243 existimemus?
1179 2200 1524 2258 Respiciendum

69 2270 135 2304 est
178 2264 232 2305 ad
273 2265 540 2322 reliquarum
581 2268 842 2311 Graecarum
886 2270 1081 2327 gentium
1127 2269 1361 2323 dialectos,
1419 2285 1523 2310 num

71 2330 176 2388 qnid
207 2332 309 2373 inde
338 2333 392 2374 ad
420 2336 716 2390 quaestionem
754 2338 1021 2395 propositam
1059 2337 1209 2393 colligi
1247 2336 1401 2394 possit.
1464 2335 1524 2377 Et

67 2398 255 2455 primum
286 2401 460 2459 quidem
494 2418 545 2444 eo
575 2404 765 2446 animum
797 2405 1019 2457 attendas,
1061 2405 1176 2462 quod
1207 2404 1382 2457 Aetoli,
1412 2404 1524 2446 Del-

67 2465 144 2522 phi
183 2474 226 2508 et
263 2468 423 2526 reliqui
463 2469 598 2511 vicini
638 2473 816 2529 populi,
862 2489 994 2530 quum
1025 2473 1077 2513 ad
1107 2472 1314 2515 Doricam
1343 2471 1522 2531 stirpem

67 2534 222 2576 referri
252 2552 339 2578 non
371 2538 563 2591 soleant,
602 2538 762 2581 Dorica
795 2541 978 2582 dialecto
1009 2556 1143 2598 caque
1173 2540 1361 2582 mitioris
1391 2555 1521 2597 gene-

67 2600 127 2642 ris
157 2602 290 2645 locuti
322 2613 449 2657 sunt:‚
497 2605 676 2661 deinde,
724 2609 841 2665 quod
870 2608 1091 2657 Arcades,
1138 2608 1221 2649 soli
1250 2607 1364 2650 inter
1393 2608 1520 2650 Pelo-

68 2670 251 2725 ponnesi
279 2671 582 2730 Aborigines,
632 2691 814 2732 quornm
855 2677 907 2718 de
939 2676 1092 2734 lingua
1122 2675 1290 2734 aliquid
1320 2676 1518 2719 ccrtioris

70 2737 334 2794 cognitionis
372 2741 604 2796 habemus,
654 2759 739 2785 non
782 2745 922 2786 solum
963 2760 1061 2785 eum
1102 2744 1315 2787 vocalium
1359 2763 1380 2795 'i
1414 2752 1455 2786 et
1486 2762 1516 2785 ω
