1779 3079
234 212 329 260 180
770 207 843 252 De
878 204 1136 253 vocalibus.

239 361 315 384 vus
351 349 517 399 praeter
546 338 688 385 Λατός
718 354 782 379 nr.
820 339 926 381 1688
965 355 1049 380 uon
1091 337 1266 395 legitur.
1341 338 1490 395 ltaque
1529 337 1573 379 in
1614 336 1680 377 his

240 426 342 452 usus
374 408 457 450 sibi
490 407 631 447 minus
658 406 904 448 constitisse
944 406 1128 448 videtur.
1204 404 1403 446 Ceterum
1444 405 1488 445 in
1526 404 1681 446 iisdem

240 478 376 521 titulis
397 474 754 532 praepositionem
787 476 826 522 ἐς
859 490 935 531 pro
967 477 1022 522 εί,-
1051 490 1146 515 esse
1179 473 1285 525 (nisi
1309 472 1422 530 quod
1454 474 1510 520 εἰς
1539 471 1684 514 neseio

241 562 326 604 quo
358 559 457 585 casu
490 559 553 583 nr.
587 542 723 595 2556,
760 543 855 593 ll),
887 542 1135 584 docebimus
1166 542 1207 595 ξ.
1240 542 1309 583 43.

354 613 403 653 In
437 610 592 652 tabulis
623 609 1006 661 Heracleensibus‚
1039 625 1146 667 quae
1172 610 1363 665 reliquas
1394 606 1688 664 correptiones

244 683 444 739 ignorant
475 681 589 729 (nam
622 677 832 735 praebent
860 676 938 724 τώς
967 677 1137 731 χώρως,
1179 676 1580 728 κατειλυμακωθής),
1625 673 1688 713 in-

245 748 435 791 finitivus
476 762 560 786 non
600 752 842 786 contractus
881 745 1117 801 praesentis
1166 744 1415 802 saepissime
1451 751 1491 785 et
1523 756 1692 798 semper

247 816 437 858 ultimam
470 813 675 870 corripit,
718 827 796 852 nee
830 812 917 852 sere
949 811 1218 860 dubitamus,
1253 813 1356 869 quin
1390 809 1593 851 infinitivi
1624 823 1691 849 ao-

247 883 339 924 risti
372 881 550 923 secundi
585 888 625 920 et
656 879 881 919 verborum
913 879 955 918 in
992 894 1042 917 εω
1073 879 1173 919 item
1208 879 1251 919 in
1285 896 1322 919 εν
1353 878 1510 919 exituri
1531 882 1692 923 essent,

248 951 284 991 si
316 950 507 1005 exempla
541 947 768 997 adesseutg
813 945 1286 1004 Pseudo-Pythagorei
1325 946 1438 986 enim
1479 961 1573 985 euni
1607 942 1694 983 Do-

248 1017 422 1059 rismum
466 1015 612 1072 paullo
656 1013 985 1054 reconditiorem
1024 1029 1046 1054 e
1088 1013 1290 1070 genuinis
1327 1013 1695 1070 Pythagoreorum

252 1084 424 1140 scriptis
458 1083 720 1123 Italiotarum
753 1081 917 1122 Doride
955 1080 1044 1122 usis
1075 1081 1301 1139 adoptasse
1333 1080 1543 1121 videntur.
1618 1077 1698 1119 Ea·

252 1152 345 1192 dem
377 1151 484 1191 ratio
515 1157 580 1190 est
611 1149 722 1190 tituli
757 1148 918 1190 Cretici
948 1164 1012 1188 nr.
1038 1148 1175 1197 2554„
1207 1149 1280 1206 qui
1308 1148 1581 1189 Olontiorum
1613 1145 1700 1186 dia-

250 1219 408 1260 lectum
442 1217 665 1273 exprimit3
708 1233 804 1257 nam
837 1224 878 1257 et
907 1217 1175 1257 accusativus
1208 1217 1250 1258 in
1287 1235 1341 1265 ως
1374 1216 1461 1257 exit
1491 1223 1530 1256 et
1561 1212 1700 1254 infini-

253 1287 368 1327 tivus
405 1285 447 1326 in
482 1302 548 1337 εν,
591 1284 645 1325 ita
677 1292 817 1325 tamen
849 1292 893 1324 ut
924 1285 1122 1341 vulgares
1153 1285 1337 1331 formae,
1373 1299 1480 1341 qnae
1511 1290 1575 1323 est
1606 1281 1702 1335 ejus

255 1353 473 1404 conditio,
505 1351 894 1393 intermisceantur.
957 1352 1004 1392 In
1037 1352 1272 1393 Vaxiorum
1305 1352 1474 1393 decreto
1506 1367 1570 1391 nr.
1594 1347 1705 1390 3050

257 1422 526 1463 accusativus
559 1419 738 1477 pluralis
772 1419 931 1461 desinit
961 1420 1003 1460 in
1039 1438 1105 1467 ους
1143 1419 1229 1461 vid.
1262 1421 1416 1473 §.147
1463 1416 1704 1459 infinitivus

260 1488 504 1541 ὁιαᾳιιλάδεν
553 1503 631 1544 pro
678 1486 970 1539 διαφυλάσσειν
1014 1488 1208 1529 ultimam
1252 1487 1430 1544 corripit
1487 1482 1705 1540 (vulgaris

262 1558 393 1598 forma
429 1555 686 1602 συνεπαύξειν
717 1554 925 1611 lapicidae
957 1554 1179 1608 debetur),
1214 1571 1353 1614 neque
1383 1553 1603 1596 Latiorum
1638 1550 1707 1590 de-

262 1632 452 1675 cretum,
485 1623 599 1679 quod
630 1638 726 1663 cnm
758 1622 834 1663 illo
867 1622 1054 1679 priscum
1092 1623 1208 1665 istud
1239 1641 1280 1669 113
1312 1636 1535 1664 commune
1566 1619 1707 1669 habet,

262 1691 465 1732 infinitivi
511 1691 633 1731 aliam
680 1691 855 1731 formam
898 1691 1118 1744 habuerit,
1175 1706 1305 1748 quare
1348 1705 1424 1746 pro
1464 1686 1706 1742 ειῗχαριστει.

266 1758 483 1800 Chishnlli
525 1758 592 1799 vel
631 1757 869 1812 εὐχαρεσιαι
909 1758 1110 1799 Sherardi
1150 1758 1294 1815 potius
1333 1756 1566 1811 εὐχαριστεῖν
1607 1753 1710 1795 seri·
1766 1757 1770 1763 ’

263 1826 450 1868 bendum
482 1826 648 1866 videtur
677 1842 801 1882 quam
837 1841 931 1866 cum
959 1826 1175 1867 Boeckhio
1207 1825 1469 1879 εὐχαριστεῖν.
1533 1822 1579 1863 Si
1613 1821 1708 1875 ryd—
1767 1835 1770 1850 ὲ

267 1910 339 1944 qen
373 1895 561 1933 Aeharn.
585 1894 665 1934 754
696 1893 855 1933 certius
888 1894 1129 1934 habendum
1162 1901 1249 1945 est,
1283 1908 1407 1949 quam
1441 1891 1600 1931 formae
1633 1887 1711 1928 ibi·

267 1960 360 2001 dem
406 1961 448 1999 in
489 1976 544 1999 ειν
584 1967 817 2012 exeuntes,
864 1960 989 2001 etiam
1020 1961 1297 2017 Megarenses
1328 1959 1444 1999 solos
1475 1956 1712 1998 infinitivos

267 2027 530 2082 corripuisse
568 2026 793 2078 videntur,
842 2043 920 2068 nee
963 2028 1104 2068 minus
1136 2027 1359 2075 Alacsini‚
1410 2025 1444 2067 si
1486 2024 1529 2065 in
1566 2039 1713 2064 eorum

269 2094 461 2136 terminis
493 2094 716 2145 καρπευσί-’ν
746 2101 858 2134 recte
889 2094 1086 2134 traditum
1120 2102 1200 2134 cst.
1261 2093 1420 2145 Vides,
1453 2091 1714 2134 infinitivum

270 2178 370 2220 prae
401 2161 580 2218 reliquis
611 2161 661 2200 ad
693 2161 1004 2217 correptionem
1037 2161 1259 2203 inclinare.

383 2228 511 2285 Apud
559 2228 750 2285 reliquos
795 2229 1064 2281 Dorienses,
1121 2237 1159 2270 et
1207 2229 1401 2269 Lacones
1454 2233 1494 2267 ct
1546 2224 1715 2266 mitiore

275 2297 437 2339 Doride
492 2311 630 2343 nsoS‚
687 2297 816 2352 vulgo
874 2297 1020 2338 ultima
1074 2297 1239 2353 syllaba
1293 2295 1497 2353 producta
1541 2292 1715 2335 teneba-
1770 2309 1777 2321 *-

275 2373 342 2405 tur
383 2363 467 2415 ita,
512 2371 556 2403 ut
596 2363 647 2403 ad
689 2364 1000 2419 correptionem
1041 2364 1247 2421 proclivis
1289 2367 1506 2419 poctarum
1539 2359 1716 2402 arbitrio

274 2432 318 2472 in
366 2440 588 2487 utramque
636 2439 794 2487 partem
841 2432 1030 2473 serviret.
1107 2432 1167 2472 lta
1208 2432 1362 2471 sactum
1409 2437 1495 2480 est,
1551 2435 1596 2469 ut
1634 2427 1716 2468 ΑΙ-

275 2515 395 2540 cman
446 2497 680 2554 Spartanus
728 2498 942 2555 corripere
993 2508 1170 2557 posset,
1226 2514 1334 2555 qnae
1378 2497 1507 2553 vulgo
1554 2495 1595 2535 in
1636 2495 1716 2536 La·

277 2567 424 2608 conica
469 2566 649 2606 dialecto
689 2566 981 2621 producuntur
1027 2563 1220 2618 (ιςιηπιῖς,
1266 2568 1396 2612 Αἵᾶς.
1443 2563 1597 2610 cidon,
1643 2563 1718 2601 ὑπ-

280 2636 442 2679 αυλὲν),
489 2649 566 2673 nec
606 2632 820 2688 Tyrtaeus
861 2650 911 2674 ex
957 2635 1040 2674 alio
1085 2635 1200 2675 sonte
1237 2633 1411 2684 ὃημότᾶς
1451 2639 1490 2671 et
1522 2629 1718 2676 ὸεσπότᾶς

278 2701 479 2742 hauserit.
551 2700 710 2740 Eadem
753 2701 858 2741 ratio
900 2709 961 2741 est
992 2701 1275 2757 correptionis
1307 2701 1348 2740 in
1382 2698 1516 2750 άιῙύἆς
1544 2705 1624 2737 etc.
1659 2705 1716 2736 at—

279 2784 360 2823 que
393 2767 459 2815 1125
492 2769 600 2824 apud
635 2767 959 2824 Epieharmum,
1002 2765 1126 2816 καλῗις
1159 2769 1270 2819 (ι’ίμᾶς
1302 2768 1343 2808 in
1378 2764 1717 2815 Chelidonismo,
