1779 3079
209 202 248 261 §.
284 204 362 253 36.
408 205 482 251 De
512 203 862 270 conjugationis
887 203 1074 252 ratione
1098 204 1365 251 communi.
1422 203 1522 253 297

73 339 370 392 ἐκλογιζέσθω,
403 340 433 382 l.
455 340 534 382 125
560 340 782 393 κρινέσθω,
819 338 913 380 133.
936 339 1014 381 135
1044 340 1339 388 ἕκὸανειζέσθω
1369 342 1522 399 (quan-

20 425 21 428 ’
73 422 202 464 quam
234 406 395 449 ibidem
426 409 456 450 l.
489 408 544 450 97
577 406 993 460 ἀπολογιξάσθωσαν)
1034 415 1076 449 et
1106 408 1151 447 in
1181 408 1356 450 Herael.
1389 410 1437 463 Ι,
1467 408 1523 451 79

73 474 306 516 ἐπελάσθω.
380 475 517 516 Vides
556 476 665 516 hane
706 476 884 515 sormam
924 489 1009 515 non
1052 474 1221 516 differre
1262 491 1359 518 eum
1399 477 1522 518 tertia

72 558 255 600 persona
290 542 517 600 singulari.

183 610 234 665 b)
294 610 522 662 Secunda,
583 624 692 666 quae
737 609 897 650 formas
943 608 1070 650 efficit
1109 624 1131 648 a
1171 610 1295 650 tertia
1341 625 1524 667 persona

74 677 193 719 duali
233 693 319 718 non
358 677 578 730 diversas,
631 676 675 716 in
707 676 868 734 Amph.
905 676 1013 719 1688
1053 677 1246 717 εἰλεσθων
1285 685 1326 718 et
1357 680 1522 730 ἑφακεί-

75 751 213 794 σθων,
264 744 396 785 Ther.
430 744 556 786 2448.
604 744 696 796 ΙΙΙ,
730 745 780 785 31
812 746 1077 798 πορευέσθων
1116 744 1211 796 (sed
1240 744 1328 794 Ill,
1361 745 1415 785 ,26
1446 762 1521 786 πο-

71 810 373 867 ρευέσθωσαν),
395 811 512 853 Cret.
539 811 650 853 2554
674 811 833 861 ἥσθων,
862 812 972 853 2556
991 812 1210 865 χρήσθων,
1238 813 1521 866 στανυέσθων,

70 878 365 928 ποιησάσθων.
426 879 591 921 Eadem
623 887 687 920 cst
716 879 761 920 in
784 879 927 920 Rhod.
949 879 1076 933 2525,
1097 879 1138 929 Ι),
1174 879 1246 920 ubi
1281 879 1519 931 πριάσθων,

71 945 338 995 ἆποδόσθων,
374 949 702 1001 καταχρείσθων,
733 947 764 988 l.
786 948 855 989 29.
880 947 935 989 70
956 949 1184 988 ποιείσθων
1217 945 1383 1003 (contra
1413 948 1442 988 l.
1468 947 1525 988 22

68 1016 389 1065 ποιείσθωσαν).
452 1015 612 1056 Rarius
643 1015 757 1072 apud
788 1014 1092 1057 Archimedem
1124 1015 1360 1072 reperitur,
1393 1021 1440 1055 ut
1471 1014 1522 1055 de

70 1082 214 1123 Helie.
248 1099 291 1139 p.
313 1083 393 1125 285
428 1082 584 1136 ἅχθων,
615 1099 658 1139 p.
677 1082 760 1124 286
793 1082 1146 1136 ἀναγεγράᾳθων,
1177 1082 1286 1124 illud
1317 1083 1369 1123 de
1393 1082 1520 1124 Plan.

70 1150 183 1205 Aeq.
215 1150 258 1190 11
290 1166 331 1206 p.
365 1151 419 1191 46
449 1166 527 1207 pro
561 1150 759 1204 ἅχθωσαν
796 1165 818 1190 e
850 1150 1073 1191 codicibus
1104 1151 1194 1191 fere
1225 1151 1426 1191 omnihus
1456 1165 1521 1191 re·

71 1218 335 1259 stituendum
367 1234 462 1259 esse
494 1217 694 1269 videtur,
744 1217 795 1258 de
828 1217 1014 1258 Conoid.
1050 1235 1091 1275 p.
1126 1218 1206 1259 303
1236 1234 1314 1275 pro
1349 1218 1466 1272 ἇχθω
1500 1233 1524 1259 e

68 1285 167 1326 Par.
202 1285 235 1326 C
270 1285 342 1337 (B.
375 1285 432 1326 D.
466 1285 581 1338 Ven,
616 1284 859 1339 ἄχθωσαν),
893 1300 933 1341 p.
969 1285 1051 1326 308
1081 1301 1158 1342 pro
1190 1286 1337 1326 eodem
1369 1301 1390 1326 e
1422 1301 1522 1327 eon-

62 1352 233 1407 jectura
264 1353 338 1399 (A.
372 1353 483 1394 Vcn.
520 1351 753 1407 ἅχθωσαν).
814 1352 922 1394 Nam
955 1352 1262 1395 Archimedem
1295 1353 1414 1407 ἅχθω
1445 1368 1522 1410 pro

68 1421 228 1478 plurali
260 1436 490 1477 usurpasse
521 1437 607 1461 non
637 1421 869 1462 credimus.

179 1487 224 1542 c)
285 1488 476 1529 Tertiam
521 1488 868 1530 terminationem
908 1487 997 1529 illis
1041 1487 1270 1528 admixtam
1303 1487 1518 1529 vidimus:

70 1555 249 1612 Corcyr.
284 1556 419 1609 1845,
450 1557 505 1598 97
536 1555 961 1608 ἇπολογιξάσθωσαν,
1006 1555 1139 1596 Ther.
1170 1555 1297 1598 2448.
1341 1556 1437 1609 ΙΙΙ,
1467 1556 1522 1598 26

68 1625 416 1676 πορευέσθωσαν,
448 1623 592 1665 Rhod.
624 1623 752 1676 2525,
788 1624 828 1665 b.
860 1624 915 1665 22
944 1625 1240 1664 ποιείσθωσαν.
1301 1623 1520 1681 Frequen-

68 1691 235 1732 tissima
279 1698 342 1732 est
382 1691 427 1731 in
468 1690 745 1732 Archimedis
790 1690 942 1731 libris:
1005 1690 1055 1731 de
1102 1690 1228 1732 Plan.
1263 1692 1376 1747 Aeq.
1421 1706 1463 1747 p.
1495 1692 1522 1734 8

72 1758 295 1812 ἄχθωσαν,
327 1773 368 1814 p.
391 1758 443 1800 10
474 1759 808 1813 ἐπεζεύχθωσαν,
842 1758 893 1798 (le
915 1757 1017 1798 Hel.
1050 1773 1092 1814 p.
1113 1758 1197 1800 ,220
1228 1757 1518 1810 λελάφθωσαν,

70 1844 113 1885 p.
148 1828 226 1869 221
264 1827 597 1880 συγκείσθωσαν,
640 1842 683 1883 p.
717 1826 797 1867 241
840 1824 1183 1877 διαιρήσθωσαν,
1229 1825 1520 1878 ἐκβεβλήσθω-

72 1912 148 1936 σαν
170 1928 180 1943 ,
213 1894 518 1948 γεγράφθωσαν
548 1901 628 1935 ete.

178 1962 342 2004 Harum
374 1961 721 2003 terminationum
753 1960 1096 2019 antiquissimam
1127 1976 1225 2002 esse
1256 1975 1376 2013 eam,
1409 1977 1519 2018 quae

70 2030 116 2071 in
149 2047 179 2069 ω
211 2030 324 2081 exit,
357 2037 398 2070 et
417 2029 599 2070 Latinae
628 2029 802 2087 linguae
826 2029 1085 2085 comparatio
1119 2027 1279 2070 evincit
1309 2035 1351 2070 et
1380 2029 1519 2086 ipsius

73 2096 261 2138 Graecae
290 2097 467 2154 linguae
498 2097 708 2153 analogia.
779 2096 953 2154 Ubique
984 2096 1100 2138 enim
1130 2095 1277 2137 tertiae
1308 2112 1518 2153 personae

70 2164 250 2222 pluralis
291 2165 590 2221 antiquissima
631 2165 874 2206 terminatio
916 2164 1041 2206 litera
1084 2181 1102 2203 ν
1142 2163 1302 2204 inserta
1341 2181 1362 2205 a
1394 2164 1518 2205 tertia

74 2231 288 2290 singulari
326 2232 630 2289 distinguitur,
674 2233 718 2273 id
752 2232 866 2289 quod
897 2231 1080 2273 maxime
1111 2238 1286 2288 apparet
1314 2231 1359 2272 in
1390 2231 1517 2273 Dori-

72 2300 135 2342 eis
166 2301 302 2348 τίθητι
333 2306 374 2340 et
400 2300 574 2348 τιθέντι,
616 2300 773 2341 deinde
805 2301 849 2340 in
881 2300 1033 2352 λέγεται
1062 2306 1103 2340 et
1135 2300 1338 2351 λέγονται,
1378 2303 1515 2339 ἵστατο

71 2375 113 2410 et
143 2371 302 2408 ἵσταντο
336 2374 416 2408 ete.
490 2367 650 2409 Eadem
690 2368 822 2425 igitur
860 2367 1023 2408 ratione
1063 2382 1085 2408 e
1125 2365 1252 2415 δότω,
1298 2364 1512 2417 γραψάτω,

71 2435 190 2490 ἐχέτω
221 2441 335 2475 recte
367 2434 477 2475 faeta
518 2442 617 2475 sunt
655 2436 807 2484 δόντω,
853 2433 1101 2489 γραψάντω,
1147 2432 1318 2486 ἐχόντω,
1365 2441 1405 2473 et
1445 2433 1516 2474 hie

72 2502 245 2560 quidem
276 2518 292 2542 ε
322 2509 496 2559 propter
526 2517 709 2559 sequens
739 2521 759 2542 ν
792 2503 836 2543 in
868 2520 887 2543 ο
920 2509 1127 2543 mutatum
1157 2507 1246 2549 est,
1291 2498 1389 2540 vide
1430 2500 1515 2541 dis-

72 2569 347 2612 sertationem
376 2577 563 2610 nostram
596 2570 647 2611 (le
678 2570 848 2626 conjug.
883 2570 928 2610 in
957 2586 1002 2620 μι
1029 2585 1073 2624 p.
1105 2568 1145 2610 8.
1208 2566 1276 2608 De
1306 2566 1514 2609 anomalis

71 2637 221 2678 formis
250 2636 400 2685 ἐόντω,
446 2636 597 2683 ἔστων,
643 2636 782 2677 ἰόντων
811 2637 897 2678 vid.
930 2637 970 2689 ξ.
1004 2635 1058 2676 40
1088 2641 1129 2675 et
1157 2633 1226 2674 42.
1288 2633 1336 2673 In
1370 2634 1511 2691 subje-

72 2704 183 2745 ctivo
213 2719 236 2745 e
268 2703 450 2745 διδόσθω
481 2712 523 2744 et
553 2705 757 2757 κρινέσθω
796 2705 984 2761 plurales
1026 2703 1185 2742 formae
1227 2700 1432 2742 ὁιδόνσθω
1471 2710 1513 2744 et

75 2770 314 2825 κρινόνσθω
354 2771 447 2813 fieri
485 2771 721 2825 dehebant,
774 2772 849 2814 sed
891 2790 909 2812 ν
948 2777 1045 2811 ante
1076 2783 1264 2825 sequens
1298 2785 1323 2809 σ
1353 2769 1509 2824 ejecte„
