1779 3079
547 223 622 271 Ad
658 222 868 270 Librum
908 222 1144 268 Primum.
1480 218 1577 266 523

141 353 312 395 Ἀττικοί
341 356 398 402 εἰς
429 370 504 403 εως
535 356 605 395 καὶ
626 353 766 400 Ἴωνες
797 354 852 400 εἰς
883 342 973 402 ηῙς.
1063 348 1360 392 Nihilominus
1389 347 1578 390 Boeotos

139 423 277 477 ταχίος
309 421 472 463 dixisse
502 420 771 463 crediderim.
1035 426 1042 431 “

250 494 372 551 Pag.
405 494 488 537 206
532 501 666 535 extr.
723 491 870 548 Vulgo
898 491 1011 532 Aeh.
1043 489 1124 533 865
1164 488 1236 530 ι’ὠν
1275 487 1579 546 Dicaeopolidi

139 560 285 616 datm-3
328 577 443 603 nune
473 561 729 603 Dindorfius
759 557 831 599 ἱών
864 558 1037 616 scripsit
1066 565 1108 600 et
1136 557 1300 600 Boeoto
1330 555 1576 598 vindicavit.

250 629 376 686 Pag.
408 629 491 671 208
520 644 595 669 nr.
628 628 669 669 7.
725 625 943 668 Notabilis
974 632 1039 667 est
1065 625 1235 667 articuli
1266 640 1373 666 usus
1405 639 1482 682 pro
1514 623 1581 664 ὅδε

137 695 224 737 vid.
257 712 385 754 supra
415 696 467 737 ad
496 712 540 754 p.
574 694 670 737 178.

251 763 373 819 Pag.
405 763 488 806 209
532 764 563 805 l.
596 763 637 805 6.
700 762 808 804 Item
847 760 1155 817 conjunctivus
1197 774 1293 801 csse
1322 759 1490 801 videtur
1518 761 1581 810 μεὶ

139 830 360 887 διαγράφει
389 830 523 872 Leak.
557 846 623 872 nr.
642 831 710 872 37.

247 922 300 929 —-
329 913 408 939 nr.
425 900 467 941 2.
508 898 849 956 Neglexeramus
880 896 1046 939 Eubuli
1075 911 1125 938 ex
1146 894 1339 953 Antiopa
1370 894 1581 950 fragmen-

134 974 222 1008 tum
264 966 426 1008 Athen.
474 966 519 1008 X
561 983 605 1025 p.
638 966 721 1008 417
751 966 787 1007 Β
834 963 1044 1020 (Meinek.
1082 963 1272 1006 Comiec.
1306 962 1484 1003 Graece.
1517 961 1583 1001 ΙΙΙ

134 1050 179 1092 p.
209 1034 310 1084 208)
331 1065 344 1087 ‚
402 1035 516 1076 unde
557 1035 764 1091 quaedam
807 1033 859 1075 de
889 1032 1196 1091 conjugatione
1227 1030 1431 1075 Boeotica
1462 1028 1583 1070 colli-

133 1117 235 1158 gere
264 1101 382 1142 licet.
444 1100 578 1144 Recte
609 1102 721 1143 enim
754 1102 1030 1143 Eustathium
1059 1117 1102 1158 p.
1130 1099 1229 1148 954,
1263 1098 1332 1140 33.
1368 1113 1390 1138 a
1420 1096 1584 1138 Boeoto

136 1185 184 1210 ea
215 1168 327 1210 dicta
347 1176 546 1227 putare,
595 1170 741 1212 minus
771 1176 886 1211 reete
916 1169 1162 1210 Dobraeum
1194 1175 1235 1208 θῖ
1264 1165 1532 1207 Meinekium
1561 1180 1584 1204 a

132 1237 307 1279 Lacone
325 1267 338 1290 ,
383 1238 476 1294 ipsa
507 1237 717 1280 dialectus
747 1237 850 1279 satis
880 1236 1065 1278 docebit.
1140 1235 1268 1278 Nune
1298 1235 1583 1291 fragmentum

136 1305 194 1347 ita
225 1304 432 1362 scriptum
462 1305 650 1362 legitur:

332 1373 482 1414 Πονεῖν
511 1376 581 1426 μὲν
612 1374 738 1426 ἄμμες
768 1375 836 1414 καῖ
867 1375 1008 1427 φαγεῖν
1038 1374 1108 1425 μὲν
1139 1369 1334 1425 ἀνδρικοὶ

332 1442 402 1481 καὶ
431 1444 705 1496 καρτερῆμεν,
747 1443 811 1482 ‘col
843 1440 888 1482 δ’
918 1440 1138 1490 Ἀθηναῖοι
1167 1440 1292 1492 λέγειν

332 1510 401 1548 καὶ
429 1508 555 1564 μικροὶ
586 1509 785 1563 φαγέμεν,
835 1512 897 1551 τοὶ
929 1510 970 1550 δὲ
1007 1509 1187 1561 Θηβαῖοι
1217 1507 1331 1560 μέγα.

244 1575 551 1633 Daleeampius
593 1576 639 1617 in
677 1577 874 1619 versione
914 1578 1043 1617 πίνειν
1082 1574 1295 1633 expressit
1337 1588 1415 1614 nec
1456 1573 1582 1626 male,

133 1659 263 1701 quum
297 1644 418 1685 nulla
447 1644 576 1686 verba
616 1645 886 1702 frequentius
921 1645 1163 1700 jungantur
1202 1658 1330 1700 quam
1374 1643 1503 1681 πίνειν
1542 1648 1584 1681 θῖ

134 1712 291 1765 φαγεῖν.
361 1711 410 1753 Si
447 1719 588 1753 tamen
626 1712 875 1754 memineris
914 1712 1100 1755 Lesbios
1137 1710 1258 1752 πώνω
1297 1709 1461 1750 dixisse
1503 1724 1584 1766 pro

132 1781 233 1819 πίνω
276 1779 384 1831 (vid.
418 1779 472 1820 L.
507 1779 527 1820 I
573 1781 614 1833 ξ.
649 1779 727 1834 35,
761 1782 782 1822 1
829 1787 870 1821 et
910 1795 1037 1837 supra
1066 1778 1269 1820 Addend.
1312 1777 1365 1818 ad
1404 1793 1447 1834 p.
1482 1774 1582 1831 131)

132 1845 267 1903 idque
304 1846 404 1887 Alc.
441 1848 495 1888 12
532 1847 578 1888 in
618 1849 754 1889 πονεῖν
793 1855 1040 1905 corruptum
1083 1862 1208 1900 csse,
1258 1845 1330 1887 vix
1361 1844 1582 1886 dubitabis

132 1913 237 1971 quin
269 1914 395 1955 etiam
425 1914 497 1956 hie
528 1914 674 1956 πώνειν
704 1916 1017 1958 restituendum
1051 1915 1122 1955 sit.
1184 1913 1432 1955 Meinekius
1459 1916 1582 1961 πονῆ-

131 1996 201 2034 μεν
242 1981 482 2038 proposuit.
571 1982 743 2025 Deinde
786 1985 831 2025 in
863 1984 961 2025 ΑΡ.
996 1989 1063 2024 θεῖ
1103 1982 1227 2035 ἄμες,
1286 1981 1331 2022 in
1372 1981 1425 2021 Β.
1467 1981 1580 2033 ἅμες,

132 2048 247 2090 unde
285 2049 397 2090 haud
439 2049 568 2091 dubie
609 2051 737 2103 ἁμές,
797 2051 913 2108 quod
957 2066 1044 2092 non
1083 2049 1221 2107 magis
1262 2049 1471 2090 Doricum
1519 2054 1583 2089 est

133 2131 258 2173 quam
287 2116 540 2159 Boeotieum
559 2149 571 2172 9
603 2119 773 2160 restitui
801 2125 982 2177 oportet.
1044 2118 1129 2159 Pro
1161 2118 1303 2171 φαγεῖν
1331 2115 1581 2158 ΜθίιιθΙςὶιιε

131 2198 228 2225 cum
258 2183 458 2226 Dobraeo
486 2186 602 2226 aliud
631 2186 808 2227 verbum
839 2186 1006 2228 Laconi
1045 2193 1189 2244 aptum
1222 2184 1460 2232 desiderat,
1525 2182 1581 2223 si-

130 2252 221 2293 mul
258 2251 303 2292 in
343 2253 483 2304 φαγεῖν
513 2255 581 2304 μὲν
617 2253 820 2296 infinitivi
860 2255 1038 2295 formam
1079 2254 1124 2294 in
1166 2268 1235 2304 μεν
1273 2252 1405 2292 latere
1445 2257 1577 2291 ratus.

130 2318 249 2360 Idem
292 2318 394 2360 olim
432 2319 520 2373 μέγ’
553 2320 738 2375 ἀνδρικοὶ
778 2322 1051 2377 conjecerat,
1109 2319 1364 2360 Dindorfius
1394 2318 1581 2359 Porsoni

133 2385 474 2428 emendationem
504 2386 602 2438 μάλ’
636 2387 819 2441 ἀνδρικοὶ
847 2389 1024 2446 recepit.
1106 2386 1198 2428 Nos
1228 2386 1457 2443 probamus
1489 2385 1579 2438 μέγ’

132 2452 332 2508 ἇνδρικοί.
407 2454 457 2494 In
488 2455 677 2497 Secundo
708 2472 833 2498 versu
863 2457 993 2511 vulgo
1024 2462 1089 2496 est
1119 2457 1374 2508 καρτερῆσαι
1406 2469 1428 2494 e
1458 2453 1577 2503 VL.‚

96 2550 99 2551 ν
133 2523 387 2574 καρτερῆσαι
417 2523 486 2572 μὲν
515 2521 560 2562 in
590 2522 691 2576 BP,
733 2522 911 2578 καρτερὴ
943 2524 1012 2575 μὲν
1039 2522 1084 2563 in
1106 2522 1173 2575 A,
1205 2521 1320 2562 unde
1351 2521 1579 2562 Dobraeus

133 2595 174 2629 et
204 2588 452 2630 Meineliius
484 2593 735 2644 καρτερῆμεν
765 2592 1024 2644 effeeerunt5
1069 2589 1204 2642 bene,
1247 2588 1335 2630 nisi
1365 2589 1481 2645 quod
1511 2605 1578 2631 ac-

132 2655 319 2697 curatior
348 2656 620 2698 Boeotismus
653 2660 906 2713 καρτερεῖμεν
935 2657 1141 2715 postulat.
1228 2655 1400 2697 Deinde
1439 2660 1499 2697 τοῖ
1536 2656 1576 2695 δ’

132 2722 349 2772 Ἀθηναῖοι
380 2739 401 2763 a
437 2724 692 2767 Casaubono
723 2727 928 2783 scriptum
959 2731 1050 2777 est,
1091 2740 1224 2781 quum
1255 2723 1427 2765 codices
1456 2739 1576 2780 prae-

132 2790 259 2831 beant
287 2791 374 2838 τοῖς
403 2790 441 2829 δ’
472 2790 729 2841 Ἀθηναίοις.
802 2793 974 2846 Quare,
1016 2808 1149 2850 quum
1180 2798 1396 2849 praeterea
1427 2791 1576 2832 ultima
