1779 3079
324 188 503 238 Foedus
535 191 767 238 Eleorum
801 198 846 238 et
879 188 1241 238 Heraeensium.
1405 189 1502 239 281

80 323 164 367 ὁὲοι
201 325 280 366 αἵτε
310 325 441 375 Γὲπος
486 325 566 367 αἵτε
605 323 787 378 Ράργον,
835 325 1057 377 caveram)
1097 325 1132 367 κ’
1165 324 1350 375 ἄλλάλοις
1387 325 1438 368 τά
1473 326 1504 368 τ’

79 392 148 433 ἄλλ
171 396 239 433 καί
258 392 340 448 πόερ
360 393 541 445 πολὲμω·
575 394 620 432 αἱ
646 393 687 432 δέ
715 390 771 443 μὰ
799 393 956 432 συνεῗαν
977 390 1031 447 2),
1060 392 1253 435 τάλαντον
1282 393 1315 434 κ’
1347 393 1509 449 ἀργύρου

80 458 312 501 ἆποτίνοιαν
348 462 401 512 τῷ
435 462 495 502 Αἱ
522 458 730 511 Ὀλυμπίῳ
768 461 829 499 τοὶ
866 458 1223 515 καῦὃαλήμενοιῧ)
1265 461 1508 514 λατρηΐώμε-

79 543 148 568 νον
168 524 233 581 6)·
283 529 328 567 αἰ
367 526 413 567 δέ
444 542 505 581 up
543 523 592 566 τοὶ
620 524 782 580 γράφεα
818 522 934 582 τᾷῚ)
980 526 1239 570 καὸὃαλέοιτο·
1274 529 1354 569 αἵτε
1382 529 1510 578 Γέτας

83 696 272 739 quioribus
305 694 470 729 dialectis
506 705 576 728 non
609 704 688 728 esse
719 693 887 728 alienum.
952 693 1066 730 Recte
1102 695 1196 730 enim
1231 694 1431 732 Scholiasta
1466 698 1515 732 ad

81 753 195 788 Arist.
222 752 311 786 Ach.
339 754 422 794 710,
456 752 518 786 ubi
542 752 676 795 legitur
699 750 799 794 ταδὶ,
833 762 980 786 monere
1005 752 1169 787 videtur:
1207 751 1353 798 ἄμεινον
1375 753 1411 788 δὲ
1437 753 1516 790 ἀντὶ

81 808 146 843 ’τοῦ
176 807 257 843 ταδὶ
279 807 426 854 γράφειν
457 807 567 852 ταδὴ·
601 811 752 853 Δωρίζει
783 807 862 853 γάρ.
933 810 1062 853 Neque
1094 810 1208 843 ullum
1241 810 1344 854 hujus
1370 822 1453 845 usus
1478 812 1516 845 in

84 866 247 900 Aeolicis
272 866 436 900 dialectis
463 866 653 909 vestigium
686 866 878 910 reperitur.
940 866 1186 901 Praetulimus
1218 867 1332 911 igitur
1363 869 1517 903 aliorum

82 922 154 969 τῷ,
190 924 354 958 foedus
385 923 594 968 incipiat
626 924 706 956 hoc
730 934 865 966 anno;
901 933 982 956 nam
1007 935 1099 967 quae
1122 924 1332 958 Boeckhius
1355 926 1452 959 Add.
1481 938 1517 970 p.

85 984 150 1017 877
175 988 299 1015 contra
322 988 441 1015 monet
464 980 509 1014 de
534 980 895 1014 demonstrativorum
920 986 954 1014 et
979 980 1079 1014 verbi
1107 978 1243 1024 ἄρχειν,
1267 979 1443 1025 ἔρχεσθαι
1471 983 1520 1025 vi,

86 1038 225 1073 etiamsi
251 1049 337 1073 vera
361 1038 576 1080 habeantur,
602 1048 622 1071 e
646 1037 810 1071 cultioris
835 1036 1052 1071 Graecitatis
1077 1037 1219 1080 legibus
1243 1039 1356 1083 petita
1379 1048 1460 1074 sunt
1484 1045 1521 1075 et

88 1096 152 1130 vix
176 1102 273 1130 recte
297 1095 516 1129 adhibentur
540 1094 585 1127 ad
624 1094 728 1137 hujus
752 1093 849 1127 tituli
872 1094 1178 1138 simplicissimam
1203 1096 1424 1138 orationem,
1462 1096 1520 1131 cni

87 1152 266 1198 simplicis
299 1151 570 1187 demonstrativi
602 1149 619 1184 ὁ
652 1162 719 1196 pro
750 1145 809 1184 ὅδε
845 1161 928 1186 usus
961 1151 1051 1185 bene
1082 1151 1275 1185 convenire
1300 1152 1454 1188 videtur.
1480 1173 1523 1180 —-

85 1211 168 1245 Non
194 1209 265 1243 alia
289 1209 335 1243 de
359 1218 464 1242 causa
495 1207 533 1241 in
563 1207 795 1250 sequentibus
819 1217 899 1240 cum
929 1207 1010 1244 aliis
1034 1206 1081 1252 τᾷ
1104 1219 1210 1252 quam
1231 1218 1311 1243 cum
1333 1210 1525 1245 Boeckhio

85 1265 151 1302 ταΐ
170 1267 294 1310 legere
318 1265 519 1301 maluimus.

131 1331 167 1372 5)
213 1330 258 1363 B.
291 1328 342 1374 τῷ
363 1325 608 1373 καὸαλημὲνῳ,
640 1328 692 1362 Jo
705 1327 747 1361 vi
784 1327 978 1377 violat0.
1036 1328 1085 1363 At
1109 1328 1313 1364 dubitamus
1338 1342 1417 1365 cum
1441 1332 1527 1366 aliis

87 1387 135 1422 de
169 1387 312 1432 passiva
334 1386 433 1420 vocis
467 1385 755 1429 significatione3
798 1385 951 1429 perfecti
987 1386 1081 1419 enim
1113 1387 1210 1429 quod
1246 1387 1422 1431 passivam
1455 1389 1526 1423 vim

89 1444 197 1479 habet
221 1443 316 1488 apud
342 1442 566 1477 Herodotum
592 1450 627 1476 et
652 1442 894 1486 Euripidem,
928 1442 1000 1476 alia
1024 1449 1077 1477 est
1100 1443 1192 1477 ratio
1217 1455 1323 1486 quam
1354 1457 1528 1489 praesen·

90 1501 156 1544 tis,
193 1500 288 1544 quod
317 1501 449 1534 rectius
473 1499 509 1533 in
539 1500 603 1533 hac
636 1500 752 1532 forma
776 1499 1004 1542 agnoscitur,
1039 1511 1149 1542 quum
1173 1500 1417 1544 reduplicatio
1443 1514 1528 1547 per-

90 1558 178 1593 fecti
215 1558 279 1591 vix
314 1568 470 1600 unquam
499 1559 579 1600 J'ure
614 1557 781 1599 neglecta
815 1562 977 1601 putetur3
1016 1564 1205 1600 praeterea
1233 1556 1460 1593 καδδαλέοιτο
1491 1560 1530 1594 in

92 1614 272 1661 proximis
296 1614 446 1648 activam
473 1614 544 1646 vim
570 1614 688 1648 habet.
736 1614 864 1656 Itaque
889 1624 968 1646 cum
993 1612 1076 1646 aliis
1101 1613 1254 1656 legimus
1269 1618 1322 1647 τοὶ
1346 1614 1530 1660 καόὃαλή-

91 1686 212 1718 μενοι,
251 1672 301 1714 ii,
338 1671 416 1714 qui
448 1670 612 1704 foedus
646 1670 839 1704 violant.
866 1692 906 1697 -
957 1670 1123 1704 Ceterum
1149 1668 1169 1704 δ
1194 1671 1231 1703 in
1256 1671 1312 1704 his
1337 1672 1530 1717 duplicare

93 1730 302 1771 maluimus,
337 1729 423 1772 quia
449 1727 608 1772 simplex
633 1737 831 1761 consonans
855 1726 892 1760 in
919 1726 1120 1760 Pindarico
1144 1725 1317 1771 κάπετον,
1344 1730 1531 1765 Alcmani-

94 1798 137 1821 co
160 1788 337 1832 καβαίνων
361 1785 526 1830 poeticae
551 1784 718 1818 licentiae
744 1783 870 1817 deberi
895 1784 1051 1819 videtur.

139 1851 176 1889 6)
223 1850 266 1883 Β.
292 1846 560 1891 λατρειόμενον,
596 1847 692 1890 quod
720 1858 788 1891 pro
812 1844 1071 1892 λατρευόμενον
1095 1858 1174 1882 esse
1198 1848 1287 1884 dicit
1312 1856 1347 1885 et
1371 1851 1535 1896 explicat

96 1918 177 1953 per
212 1905 558 1941 venerationem
594 1904 874 1949 praestitum.
934 1905 1004 1945 At,
1036 1915 1080 1938 ne
1105 1916 1319 1949 urgeamus,
1351 1918 1443 1950 quae
1467 1908 1533 1943 alii

95 1971 311 1998 monuerunt
344 1963 389 1997 de
419 1962 562 2007 passivo
588 1962 692 2004 huJus
726 1962 824 1994 vocis
856 1961 950 2005 apud
987 1961 1212 2004 antiquiores
1246 1971 1344 1998 certe
1373 1976 1443 1998 non
1468 1967 1535 2000 ob-

97 2022 182 2064 vio,
219 2029 275 2064 et,
307 2020 387 2065 ipso
412 2019 601 2053 Boeckhio
627 2018 865 2061 concedente,
904 2019 950 2052 de
974 2019 1120 2054 insolita
1143 2019 1429 2065 significatione,
1469 2032 1536 2057 nos

98 2080 196 2114 serre
220 2089 290 2111 non
314 2086 501 2122 possumus
525 2089 556 2110 ει
580 2086 648 2120 pro
672 2089 709 2109 ev
732 2075 900 2120 positum.
960 2076 1053 2110 Nam
1077 2087 1170 2119 quae
1193 2077 1404 2112 Boeckhius
1431 2080 1536 2123 hujus

100 2135 307 2170 mutationis
337 2133 506 2178 exempla
540 2145 560 2167 e
585 2133 732 2167 decreto
770 2133 806 2166 in
831 2133 1059 2168 Timotheum
1083 2133 1223 2177 attulit,
1264 2132 1475 2180 Ἐλεισινίαρ
1501 2143 1536 2172 et

100 2191 330 2234 ὃιεσκείσατο,
377 2201 418 2225 ea
452 2191 585 2223 nullam
616 2191 864 2224 auctoritatem
899 2190 1050 2233 habent,
1096 2202 1205 2233 quum
1231 2191 1417 2227 verissime
1441 2194 1536 2228 illud

103 2250 285 2284 decretum
310 2259 331 2281 a
354 2248 534 2281 Muellero
558 2248 651 2282 Dor.
676 2249 725 2282 ΙΙ.
760 2259 794 2292 p.
819 2249 886 2282 323
917 2247 1079 2291 spurium
1111 2248 1311 2291 judicetur,
1357 2261 1474 2293 neque
1498 2251 1537 2285 in

104 2304 360 2341 recentissimis
385 2304 682 2349 inscriptionibus
709 2305 899 2339 Laconicis
922 2302 1120 2347 Σειδέκτας,
1145 2308 1352 2350 Σείπομπος
1376 2314 1442 2341 etc.
1468 2318 1538 2352 pro

106 2362 318 2403 Θεοὸεκτας,
343 2360 552 2406 Θεόπομπος
574 2362 664 2404 (vid.
689 2363 729 2397 G.
755 2363 784 2396 I.
809 2373 863 2396 nr.
892 2363 998 2404 1239,
1027 2363 1128 2403 1372)
1155 2374 1175 2396 e
1201 2361 1410 2405 Θευδὲκτας,
1448 2362 1541 2399 &525—

105 2431 248 2464 πομπος
282 2427 364 2454 nata
392 2425 472 2452 sunt
504 2418 566 2452 sed
592 2430 639 2453 ex
670 2419 937 2462 antiquioribus
960 2418 1153 2453 Laconicis
1184 2420 1311 2454 formis
1334 2419 1541 2465 Σιοὸέκτας,

107 2475 331 2522 Σιόπομπος.
387 2476 611 2509 Hermannus
645 2477 835 2521 proposuit
869 2474 1138 2520 λατρειούμενον
1171 2488 1192 2511 a
1220 2488 1314 2511 novo
1338 2477 1450 2512 verbo
1473 2476 1542 2512 2.oe-

107 2533 255 2578 τρειόω,
299 2539 333 2566 et
367 2533 621 2576 interpretatus
655 2538 708 2567 est
743 2534 843 2568 usui
877 2534 1039 2578 templi
1072 2544 1206 2568 sacro
1242 2534 1539 2569 destinatum.

110 2591 321 2627 Boeckhius
355 2591 390 2623 in
423 2589 519 2623 Add.
563 2601 598 2633 p.
624 2591 707 2634 878,
734 2601 754 2625 a
789 2603 867 2625 cum
895 2591 1097 2626 *Welckero
1129 2601 1256 2624 novam
1287 2596 1321 2624 et
1353 2601 1476 2625 vocem
1504 2598 1541 2627 et

111 2647 414 2693 significationem
440 2645 587 2690 respuit.
634 2650 684 2681 At
707 2659 800 2691 vox,
837 2659 1039 2691 quanquam
1064 2658 1178 2689 nova,
1208 2654 1323 2681 tamen
1349 2648 1464 2691 probe
1487 2655 1551 2683 est?

114 2708 275 2741 formata.
323 2705 414 2738 Nam
439 2703 544 2737 sicuti
568 2703 611 2736 ab
635 2702 763 2747 οἰκειῖς,
799 2705 1014 2745 famulus,
1048 2704 1233 2737 derivatur
1256 2701 1381 2737 οἰκεῖος
1411 2704 1539 2739 fami-

118 2762 274 2805 liaris,
300 2761 384 2796 inde
407 2757 542 2794 οἰκειόω
568 2761 841 2799 familiarem
867 2761 1031 2803 reddo,
1059 2762 1108 2795 ita
1130 2772 1151 2795 a
1175 2759 1295 2807 λάτρις
1312 2761 1366 2795 vel
1380 2759 1539 2808 λατρεῦς,
