1779 3079
259 157 359 207 430
408 158 450 218 §.
468 158 548 207 50.
577 158 651 206 De
668 156 868 207 Doridis
889 175 1126 224 generum
1151 169 1198 209 et
1218 160 1492 224 specierum
1515 162 1719 229 origine.

373 294 574 336 Ceterum
607 292 718 335 bene
756 292 1075 352 intelligimus,
1120 303 1270 337 eontra
1309 296 1605 354 suspicionem
1643 314 1719 340 no-

261 371 392 406 stram
423 362 475 404 dc
506 361 737 404 severioris
758 361 938 404 Doridis
972 362 1141 420 origine
1172 379 1259 405 non
1281 364 1445 407 Dorica
1474 366 1608 408 multa
1631 381 1718 408 non
1757 363 1760 367 ’

259 431 446 474 absurde
477 430 689 488 disputari
718 446 860 488 posse.
922 431 1098 473 Utinam
1136 431 1383 488 contingat,
1430 440 1477 474 ut
1505 434 1626 492 larga
1655 434 1720 475 in-

259 500 546 559 scriptionum
579 515 735 558 seges,
768 515 878 557 quae
906 516 1023 541 nunc
1055 516 1078 542 e
1101 499 1308 542 Graeciae
1339 501 1432 543 solo
1462 502 1720 559 procrescit,

257 586 307 613 ea
349 569 618 627 suppeditet,
667 584 777 625 quae
814 568 880 610 rei
919 568 964 609 in
1005 568 1224 626 antiquam
1257 568 1465 612 Graeciae
1495 569 1720 612 historiam

258 637 538 697 gravissimae
569 635 737 694 aliquid
766 636 880 679 lucis
910 636 1148 679 affundant.

349 772 395 825 2)
428 770 639 829 Superest
660 779 706 813 ut
729 770 782 812 de
798 770 1013 812 variarum
1037 770 1266 828 utriusque
1284 771 1458 829 generis
1477 773 1719 831 specierum

255 841 426 899 origine
449 855 732 898 quaeramus,
766 854 850 896 qua
880 837 925 878 in
957 854 1003 879 re
1034 838 1220 880 maxime
1250 840 1303 880 ad
1333 857 1381 882 ea
1410 842 1720 884 attendendum

253 918 343 960 est,
391 925 499 967 quac
541 914 613 949 aut
643 906 833 964 singulis
867 906 1098 963 speciebus
1126 906 1364 965 peculial-Ia
1407 916 1480 950 aut
1518 910 1719 967 pluribus

253 977 500 1021 communia
532 982 648 1018 sunt.
710 974 909 1016 Primum
939 975 1115 1033 egregie
1145 975 1258 1017 inter
1286 991 1333 1017 se
1360 977 1597 1019 concinunt
1626 978 1719 1020 vul-

252 1046 370 1104 garis
401 1052 443 1087 et
475 1042 828 1104 septentrionalis
851 1042 1035 1086 Doridis
1068 1043 1263 1102 species,
1295 1061 1397 1102 prae
1423 1044 1607 1104 reliquis
1631 1045 1718 1087 dis-

252 1114 516 1174 crepantiis,
563 1128 675 1172 quae
715 1111 904 1154 leviores
945 1119 1071 1166 sunt,
1130 1127 1178 1154 ea
1220 1113 1426 1156 notabilis
1465 1121 1554 1167 est,
1601 1112 1719 1172 quod
1774 1102 1775 1106 Ἰ

250 1182 520 1244 praepositio
553 1185 635 1233 εἰς,
688 1197 817 1240 quam
856 1181 1038 1222 formam
1070 1181 1263 1238 vulgaris
1293 1182 1427 1223 Doris
1461 1189 1626 1235 servat,
1672 1181 1718 1222 in

254 1251 587 1312 septentrionali
630 1251 672 1291 ἐν
713 1256 853 1291 sonat.
942 1248 1061 1290 Hinc
1102 1249 1217 1290 enim
1258 1250 1490 1307 collegeris
1530 1250 1718 1292 Doricae

251 1320 529 1381 migrationis
576 1326 769 1376 tempore
813 1316 1161 1374 antiquissimam
1205 1318 1387 1360 formam
1433 1318 1500 1367 ἐνς
1542 1318 1586 1359 ἱι]
1635 1333 1718 1359 usu

250 1392 417 1444 fuisse,
449 1396 599 1448 postea
629 1387 682 1429 ab
713 1386 812 1428 aliis
833 1385 1117 1428 Doriensium
1148 1385 1193 1427 in
1225 1387 1281 1434 εἰς
1311 1393 1354 1427 et
1384 1386 1449 1436 ἐς,
1484 1402 1508 1429 a
1540 1386 1717 1445 populis
1772 1415 1774 1441 3

251 1457 604 1519 septentrionalis
639 1456 845 1498 Graeciae
883 1453 929 1496 in
970 1455 1011 1495 ἐν
1048 1460 1249 1496 mutatam
1291 1471 1403 1497 esse.
1445 1481 1499 1487 —-
1558 1454 1718 1511 Argivi
1772 1453 1775 1474 ‘¹

250 1527 577 1571 memorabilem
616 1525 661 1566 in
701 1524 876 1566 modum
912 1538 1011 1565 cum
1041 1521 1201 1564 vicinis
1234 1530 1275 1565 et
1305 1523 1627 1580 cognatissimis
1657 1523 1718 1564 ci-

249 1597 457 1640 vitatibus
490 1596 674 1638 dialecto
707 1591 978 1634 differebant.
1027 1590 1156 1644 Quod
1179 1606 1277 1632 cum
1300 1591 1554 1634 Laconibus
1578 1591 1717 1649 sigma

248 1665 362 1708 inter
401 1664 572 1706 vocales
614 1662 798 1718 ejiciunt
836 1667 878 1702 et
918 1659 1150 1718 aliquoties
1191 1659 1407 1716 digamma
1446 1659 1492 1701 in
1523 1665 1551 1714 β
1580 1668 1716 1702 muta-

248 1742 372 1784 runt,
407 1732 509 1774 inde
541 1747 595 1773 ne
626 1731 733 1789 quid
764 1730 931 1772 efficere
958 1728 1158 1782 studeas,
1191 1734 1374 1786 utraque
1397 1727 1514 1769 enim
1534 1727 1714 1770 mutatio

250 1811 335 1845 tam
366 1800 532 1844 recenti
562 1807 698 1841 aetate
728 1796 939 1850 invaluit,
973 1813 1057 1855 qua
1088 1796 1184 1853 ejus
1218 1796 1464 1839 communio
1495 1813 1584 1839 non
1614 1813 1713 1855 pos·
1770 1821 1772 1826 ·

249 1870 307 1912 sit
336 1870 425 1911 nisi
456 1869 577 1911 casui
613 1866 762 1908 tribui.
841 1865 1003 1908 Contra
1043 1881 1329 1907 consonarum
1369 1880 1607 1906 concursus
1649 1881 1712 1915 mx,
1769 1898 1772 1908 .

249 1955 377 1997 quem
410 1936 685 1979 Cretensium
729 1935 905 1993 quidam
939 1950 1038 1975 eum
1068 1932 1250 1990 Arg-ivis
1281 1948 1553 1974 communem
1583 1931 1713 1974 habe·
1769 1954 1771 1964 ι

248 2007 382 2059 bant,
425 2004 759 2062 antiquissimus
791 2011 880 2056 cst,
922 2017 1054 2058 qnare
1084 2001 1214 2042 facilc
1243 2000 1464 2057 putaveris
1495 2015 1586 2041 eam
1617 2016 1714 2058 pro·
1769 2024 1771 2029 ·

248 2075 474 2132 prietatem
505 2073 557 2113 ab
587 2070 769 2128 Argivis
811 2070 981 2111 colonis
1019 2069 1064 2109 iu
1098 2068 1268 2110 Cretam
1307 2069 1557 2110 translatam
1598 2084 1709 2111 esse.

248 2143 310 2184 At
339 2143 443 2185 olim
477 2140 681 2183 omnibus
705 2137 885 2180 Graecis
917 2137 1159 2178 communis
1193 2145 1297 2179 erat.
1347 2136 1508 2190 Quare,
1542 2136 1712 2179 etiamsi
1770 2166 1771 2170 ,

247 2212 328 2252 hoc
369 2224 529 2268 ponere
570 2208 713 2262 nolis,
761 2207 880 2264 ipsos
910 2205 1151 2247 Dorienses
1191 2205 1379 2247 Doricae
1419 2203 1711 2263 expeditionis
1768 2231 1771 2235 .

247 2287 441 2337 tempore
474 2293 523 2319 ea
552 2293 657 2318 usos
689 2291 810 2330 esse,
845 2273 1057 2332 suspicari
1088 2281 1230 2314 tamen
1260 2274 1394 2327 licet,
1426 2273 1627 2331 antiquos
1661 2273 1708 2314 il-

247 2349 387 2390 larum
417 2354 627 2388 terrarum
659 2343 828 2386 incolas
860 2358 951 2384 eam
984 2359 1006 2384 e
1039 2358 1204 2384 summa
1226 2341 1480 2400 antiquitate
1503 2348 1710 2383 servatam

245 2432 344 2459 cum
369 2414 666 2457 Doriensibus
697 2411 938 2454 victoribus
969 2411 1025 2464 (si
1058 2410 1232 2468 quidem
1250 2410 1382 2451 Vaxii
1414 2417 1456 2452 et
1475 2409 1592 2451 Latii
1621 2408 1710 2451 Do-

246 2484 416 2527 rienses
449 2482 637 2525 habendi
671 2483 788 2532 sunt)
819 2479 1181 2522 communicasse.
1244 2478 1302 2519 Et
1319 2477 1512 2535 Argivae
1534 2478 1711 2533 linguae

246 2569 346 2595 eum
377 2551 535 2594 vicinis
566 2549 744 2609 populis
775 2548 1092 2605 discrepantia,
1125 2563 1253 2605 quam
1283 2545 1602 2604 aliquantulum
1634 2543 1711 2585 mi-
1760 2547 1761 2553 ’

246 2624 334 2662 rari
374 2620 505 2674 lieet,
566 2618 741 2661 omnino
780 2617 883 2658 inde
924 2616 1133 2674 explicari
1173 2630 1303 2674 posse
1340 2614 1538 2667 videtur,
1595 2610 1710 2670 quod
1758 2611 1761 2658 ἓ

252 2688 407 2745 Argivi
438 2688 598 2731 multos
630 2686 907 2745 antiquorum
950 2684 1190 2726 incolarum
1221 2684 1267 2725 in
1298 2682 1512 2725 civitatem
1541 2694 1711 2738 recepe·
1758 2705 1760 2711 ›
