1779 3079
283 214 383 266 550
673 214 902 261 Addenda
937 224 984 260 et
1020 213 1331 278 Corrigenda.

285 354 603 414 comparatione
645 351 851 396 sustineri
889 368 1034 410 posse.
1069 376 1121 382 —
1179 350 1368 393 Maxime
1399 350 1734 409 displicuerunt,

284 439 394 482 quae
433 423 478 464 in
508 421 711 464 extremis
741 420 1011 463 novavimus.
1101 420 1158 462 Et
1194 427 1310 462 reete
1340 418 1517 478 quidem
1547 419 1736 462 offensus

285 500 351 535 est
380 491 436 533 V.
469 490 529 532 D.
562 491 648 544 iis,
688 505 796 547 quae
827 488 980 531 calami
1011 504 1155 530 errore
1187 488 1348 546 scripta
1379 495 1506 540 sunt,
1538 488 1738 542 depreca-

284 564 396 602 tione
425 575 504 617 pro
534 561 836 613 imprecatione
865 564 906 599 ct
934 559 1070 599 multa
1095 561 1258 599 centum
1289 558 1491 598 talenticm
1521 571 1599 614 pro
1630 556 1738 597 mul-

285 634 329 670 ta
361 630 538 677 talenti3
599 625 756 668 deinde
796 625 977 667 articulo
1016 624 1061 665 in
1103 623 1317 679 τήπιάρῳ,
1366 624 1484 682 quod
1512 622 1739 681 proposui·

283 711 408 752 mus3⁴
468 695 616 738 minus
659 701 774 737 recte
824 693 1091 751 singularem
1134 694 1212 733 ἐντὶ
1253 692 1444 734 Philolai
1487 692 1740 734 auctoritate

283 764 511 818 defendit,
558 764 610 805 de
640 779 723 820 qua
753 778 798 804 re
830 778 958 819 supra
990 761 1178 802 diximus
1221 761 1275 802 L.
1309 760 1368 802 II.
1411 760 1453 814 ξ.
1486 761 1557 802 42.
1619 759 1740 801 Faci-

283 833 370 875 lius
412 833 551 875 eidcm
593 830 882 882 assentimur,
939 844 1072 885 quum
1117 827 1197 868 S'vt’
1237 828 1450 884 pluralem
1500 827 1740 870 existimari

282 917 414 959 posse
444 906 618 952 monet,
665 912 910 955 quanquam
941 896 1168 938 collocatio
1200 896 1312 938 inter
1343 895 1619 954 singulares,
1668 913 1740 937 κα-

285 969 466 1010 ὃαλεόιτο
513 974 555 1009 et
596 967 800 1021 ἕνέχοιτο,
853 963 1105 1005 duriuscula
1151 971 1229 1006 est.
1319 964 1377 1005 Et
1419 963 1741 1006 Boeekhianam

284 1036 456 1095 quidem
478 1035 599 1077 vocis
630 1036 797 1086 ἐπιαροι
826 1032 1225 1090 interpretationem
1257 1040 1304 1074 ut
1335 1047 1450 1074 nunc
1474 1031 1612 1089 magis
1642 1046 1742 1089 pro-

282 1106 468 1158 bemus,
521 1103 574 1145 iis
609 1116 938 1160 permovemur,
989 1116 1098 1158 quae
1130 1101 1175 1142 in
1208 1100 1379 1142 duobus
1410 1100 1550 1142 titulis
1583 1098 1741 1142 Phoci-

282 1173 345 1216 cis
373 1172 523 1216 Rossii
553 1172 786 1228 leguntur3
844 1186 910 1211 nr.
944 1170 1029 1224 74,
1060 1186 1083 1211 a
1123 1170 1153 1211 l.
1187 1170 1213 1211 6
1254 1167 1602 1222 [ποταποτισάτω]
1633 1167 1740 1210 ποθ’

281 1240 394 1296 ἱερὸν
422 1244 477 1294 τῷ
504 1240 738 1292 Ἀσκλαπιῷ
769 1237 983 1293 ἆργ[υρίου
1012 1241 1117 1291 μνᾶς
1147 1247 1227 1280 etc.
1261 1245 1302 1279 et
1339 1254 1405 1279 nr.
1440 1238 1521 1290 74,
1553 1237 1581 1278 l)
1621 1236 1653 1278 l.
1687 1235 1741 1278 16

283 1312 354 1351 καὶ
391 1308 436 1351 τό
478 1312 548 1362 μὲν
585 1308 737 1362 ἥμισυν
780 1307 882 1348 ἔστω
928 1307 1016 1359 [τοῦ
1053 1306 1343 1360 προστάντος,
1403 1305 1448 1347 τό
1490 1307 1531 1345 δὲ
1570 1304 1741 1357 ἥμισο]ν

282 1376 389 1420 ποθ’
428 1376 542 1431 ἱερὸν
580 1379 653 1419 τοῦ
689 1375 957 1418 ,Ασκλαπιοιί
1048 1375 1234 1417 Rossius
1273 1373 1519 1416 adnotavit:
1580 1371 1739 1427 ,,ποθ’

283 1445 419 1498 ἱερὸν,
462 1445 580 1503 quod
611 1444 760 1487 nescio
790 1460 844 1486 an
876 1459 1089 1501 nusquam
1123 1443 1228 1486 alibi
1258 1444 1455 1499 legatur,
1500 1441 1568 1483 his
1601 1441 1647 1482 in
1677 1441 1740 1484 lo-

283 1513 347 1556 cis
379 1529 541 1556 sacram
571 1513 772 1555 mulctam
796 1512 876 1554 deo
903 1512 1154 1554 solvendam
1185 1512 1431 1570 sig-nificare
1461 1509 1740 1552 manifestum

282 1580 401 1626 est.“
489 1581 589 1625 Non
620 1581 912 1639 intelligimus
933 1612 945 1634 ‚
994 1595 1072 1623 eur
1103 1580 1290 1623 Rossius
1321 1579 1510 1622 noluerit
1538 1579 1743 1630 ποθίερον

285 1650 502 1704 scrihere,
541 1665 652 1708 quac
682 1665 766 1693 vox
796 1648 971 1705 egregie
1004 1648 1191 1691 sustinet
1220 1648 1539 1691 Boeckhianam
1570 1647 1741 1699 ἐπίαρον

284 1718 314 1760 i.
349 1734 385 1761 c.
421 1720 602 1773 ἐφιέρον.
