1779 3079
355 195 397 255 §.
429 195 508 243 26.
580 196 653 242 De
691 213 735 239 eo
765 202 812 239 et
847 213 898 238 εω
931 190 1205 239 contractis.
1404 191 1504 240 207

70 330 260 386 λεουργός
298 328 460 388 (potins
504 326 725 383 λαουργός,
770 325 857 368 vid.
890 325 930 378 Q.
964 326 1045 379 24,
1076 328 1147 381 7),
1193 327 1307 384 quod
1347 328 1507 372 diserto

71 398 217 440 Photii
255 396 502 439 testimonio
532 412 566 437 s.
600 412 641 437 v.
675 392 847 446 λεωργός
875 392 1084 435 Doricum
1123 410 1216 437 esse
1247 395 1404 440 dieitur
1430 414 1509 456 pro

69 468 147 509 hac
176 465 322 507 Attica
352 480 481 518 voce,
515 461 716 516 φρούριον
747 460 889 501 Rhod.
920 461 1044 503 2905.

181 533 397 574 Addimus
429 530 659 590 quaedam,
707 528 866 586 quibus
896 528 940 569 in
974 529 1187 570 severiore
1217 529 1380 574 Doride
1410 549 1509 575 con-

71 608 227 643 tractas
266 601 421 642 formas
460 597 768 655 respondentes
809 611 893 637 non
936 596 1207 649 invenimus,
1265 600 1364 654 qnia
1408 602 1511 643 haec

72 669 328 710 solutionem
372 665 514 723 potius
557 665 775 706 servabat:
837 666 934 717 (Βοῦς
972 663 1191 721 Megalop.
1236 666 1370 720 1534,
1416 672 1513 717 νοῦς

71 736 230 794 Epich.
273 734 377 787 117,
424 733 545 780 ἄνους
583 733 773 774 Acharn.
816 731 921 784 702,
969 731 1105 780 εὔνους
1143 732 1337 788 Megar.,
1384 734 1508 777 Chal.

73 804 209 854 1567,
257 802 416 858 Delph.
448 801 502 843 67
533 801 616 854 R.,
672 800 868 856 Calymn.
902 798 1037 851 2671,
1091 799 1305 841 Ἀλκίνουν
1330 800 1508 859 Col-cyr.

72 870 205 919 1838,
240 870 420 917 εἴςπλουν
448 868 733 920 Mcssembr.,
766 869 928 908 διπλοῦν
962 867 1096 908 Ther.
1128 867 1241 922 VII,
1273 869 1354 922 528,
1398 873 1516 911 Σελί-

70 954 166 985 νους
207 945 249 978 ct
281 937 477 989 ’'Onovg,
530 935 802 976 Σελινούντιοι
834 943 874 976 ct
903 933 1141 976 Ὀπούντιοι
1171 951 1265 977 cum
1299 937 1514 979 similibus

73 1004 246 1056 multis,
277 1004 363 1045 vid.
386 1006 426 1057 Q.
451 1004 494 1056 6,
517 1004 560 1056 4,
594 1006 797 1055 Λρυοῦσα
818 1003 959 1044 Rhod.
985 1003 1095 1045 2905
1125 1019 1147 1044 c
1178 1003 1401 1058 Αρινόεσσα
1432 1014 1514 1048 etc.

73 1071 340 1113 Adversatur
370 1073 550 1125 τυρῶντα
581 1070 733 1128 Sophr.
768 1071 845 1125 32,
891 1071 1013 1126 cujus
1053 1070 1096 1110 in
1128 1071 1267 1112 locuni
1299 1088 1349 1114 eo
1378 1073 1516 1116 liben-

75 1138 161 1180 tius
192 1138 384 1193 πυρόεντα
423 1137 746 1195 rescripserim,
792 1139 907 1195 quod
939 1139 1200 1180 Theocritus
1232 1140 1278 1192 Ι,
1310 1141 1365 1183 58
1403 1142 1518 1183 solu-

75 1212 160 1247 tam
190 1207 367 1247 formam
408 1206 513 1247 adeo
557 1205 792 1262 praetulit,
837 1213 884 1248 ut
927 1205 1116 1264 synizcsi
1156 1222 1266 1264 opus
1307 1208 1377 1250 sit.
1451 1209 1519 1252 De

75 1273 184 1315 crasi
215 1273 458 1315 videbimus
488 1273 529 1327 ξ.
562 1272 631 1315 27.

725 1410 766 1462 ς.
798 1407 867 1451 26.

491 1501 570 1531 De
605 1510 639 1531 εο
676 1502 725 1531 et
757 1511 797 1530 εω
832 1502 1108 1533 contractis·

191 1576 238 1632 1)
297 1578 491 1636 Insignis
524 1579 568 1620 in
599 1581 678 1621 hoc
708 1580 805 1622 loco
834 1580 1015 1621 varietas
1046 1581 1341 1638 conspicitur,
1391 1600 1522 1641 quum

79 1645 248 1687 vocales
280 1662 320 1686 εο
351 1646 463 1702 apud
482 1645 721 1689 Dorienses
751 1654 823 1687 aut
852 1662 937 1687 non
969 1656 1208 1690 contractae
1238 1650 1524 1708 reperiantur,

80 1720 153 1754 ant
184 1712 227 1752 in
261 1729 333 1761 ου,
367 1729 435 1765 ευ,
468 1730 531 1763 ιο,
566 1732 638 1765 ιω,
673 1732 718 1764 ο,
753 1731 783 1753 ω
815 1722 1024 1769 mutatae,
1069 1715 1224 1758 deinde
1267 1734 1317 1758 εω
1361 1726 1433 1759 aut
1462 1720 1526 1760 in-

81 1787 227 1837 tegrae
258 1787 329 1821 aut
359 1780 402 1820 in
434 1797 482 1819 ιω
513 1781 582 1822 vel
614 1798 644 1821 ω
675 1789 875 1824 mutatae.

197 1846 389 1888 Primum
422 1863 462 1888 εο
493 1847 537 1888 in
565 1865 601 1889 ιο
632 1849 701 1890 vel
728 1867 801 1898 ιω,
835 1859 876 1890 et
906 1866 957 1889 εω
988 1849 1032 1891 in
1065 1867 1112 1891 ιω
1142 1852 1254 1907 apud
1286 1868 1358 1893 cos
1389 1852 1529 1895 solum

83 1920 326 1967 mutantur,
358 1915 433 1972 qui
463 1916 675 1958 severiore
697 1917 874 1958 Doridis
906 1933 1064 1975 genere
1089 1925 1281 1973 utuntur,
1313 1920 1529 1974 Lacones,

85 1981 274 2022 Italiotas
318 1990 359 2023 et
399 1982 643 2024 Cretenses·
720 1984 938 2026 Laconica
981 1993 1081 2027 sunt
1121 1985 1165 2026 in
1196 1987 1375 2045 antiqno
1405 1988 1531 2030 titulo

85 2047 238 2089 Leakii
269 2065 335 2090 nr.
367 2050 418 2091 71
453 2049 644 2105 ἁνιοχίων
674 2067 751 2107 pro
783 2053 1004 2106 ἡνιοχέων,
1036 2052 1081 2094 in
1110 2052 1350 2110 Lysistrata
1379 2071 1417 2096 v.
1454 2057 1533 2099 198

87 2116 252 2155 ἐπαινίω
296 2117 361 2168 (ut
389 2115 641 2159 Dindorfius
682 2119 728 2159 in
769 2119 957 2161 editione
991 2120 1235 2163 Oxoniensi
1275 2132 1389 2164 recte
1430 2123 1533 2165 scri-

88 2182 176 2238 psit
205 2199 282 2240 pro
313 2184 498 2235 ἐπαινιῶ)
541 2201 617 2242 pro
650 2186 842 2235 ἐπαινέω,
899 2187 1005 2230 1305
1038 2189 1235 2240 ὑμνίωμες
1279 2188 1399 2244 (item
1431 2191 1532 2232 ol‘nn

89 2250 309 2302 ὑμνιαῖμὲς)
340 2267 416 2307 pro
446 2253 675 2305 ὑμνέωμεν,
719 2254 828 2296 1002
856 2257 1069 2308 μογίομες,
1110 2256 1219 2298 1003
1249 2259 1525 2312 λυχνοφορίον·

86 2332 177 2370 τες,
211 2318 320 2360 1148
351 2317 581 2371 ἀδικίομες,
615 2321 729 2378 quod
760 2321 1012 2364 Dindorfius
1044 2339 1122 2380 pro
1155 2323 1370 2377 ἇδικοῦμες
1400 2341 1423 2366 e
1453 2325 1535 2365 Ra-

89 2383 285 2426 vennatis
317 2385 501 2427 lectione
535 2386 769 2440 οἷὸικιοῦμες
809 2398 923 2432 reete
959 2391 1162 2432 restituit.
1251 2391 1348 2433 Non
1392 2392 1536 2432 minus

92 2451 137 2492 in
166 2451 445 2509 Hippocratis
476 2452 675 2511 Spartani
706 2456 914 2513 epistola,
947 2474 1072 2515 quam
1104 2458 1149 2499 in
1179 2459 1436 2516 Appendice
1467 2475 1537 2500 cx-

92 2518 355 2572 hibcbimus,
387 2519 554 2561 ebonis
586 2521 710 2563 libris
740 2525 988 2566 restitutum
1014 2533 1078 2566 est
1107 2524 1343 2580 ἀπορίομες.
1389 2526 1538 2568 Gram-

94 2586 273 2628 maticus
305 2587 477 2644 quidam
501 2592 533 2638 ¹)
563 2590 709 2631 testari
739 2591 932 2646 videtur,
976 2593 1171 2635 Lacones
1201 2595 1325 2645 ὑμνίω
1358 2593 1536 2648 dixisse,

144 2760 177 2800 l)
228 2760 285 2793 Et.
316 2760 359 2794 G,
387 2761 476 2801 3¹22,
501 2762 565 2802 41,
609 2760 672 2803 qui
708 2762 808 2795 locus
844 2763 978 2797 misere
1013 2764 1161 2798 mutilus
1195 2765 1231 2798 in
1269 2765 1362 2799 hunc
1394 2768 1538 2802 modum
