1779 3079
211 156 240 182 Χ

208 286 425 325 accurate
484 276 977 336 accommodaremus‚
1049 275 1132 323 sed
1194 277 1341 324 semel
1402 278 1663 336 monuisse,

209 364 330 410 quae
368 345 426 390 ad
462 347 624 408 plures
661 346 790 393 locos
826 348 1147 410 pertinerent,
1197 346 1310 391 satis
1348 344 1620 391 habuimus.

344 415 523 477 Accipe
564 416 742 479 igitur,
806 416 879 460 mi
925 413 1322 472 Lachmanne,
1383 413 1510 459 hunc
1549 431 1663 478 qua-

210 483 495 545 lemcunque
528 482 733 542 librum,
796 500 936 546 quem
974 484 1013 527 si
1051 483 1208 544 priore
1256 499 1352 527 non
1389 482 1665 527 inferiorem

202 550 496 614 judicaveris
533 568 689 614 neque
726 550 828 597 leve
862 551 951 597 hoc
988 551 1134 596 animi
1174 551 1266 596 mei
1308 567 1419 614 erga
1457 549 1537 595 Te
1583 548 1665 594 do-

207 626 480 664 cumentum
524 620 892 682 contempseris‚
955 620 1068 664 satis
1104 617 1312 681 amplum
1358 616 1536 663 laboris
1573 617 1665 663 mei

207 689 468 750 praemium
515 695 682 733 nactus
724 705 826 733 esse
873 687 1088 733 videbor.
1198 686 1349 749 Spero
1386 684 1490 730 fieri
1526 702 1664 748 posse

210 763 260 801 ut
297 754 514 801 breviore
552 755 803 800 intervallo
847 755 1069 801 succedat
1106 756 1302 812 tertius,
1359 755 1442 817 qui
1480 754 1571 799 crit
1607 752 1665 799 de

207 822 406 869 dialecto
446 824 624 869 ionica.
730 822 891 882 Quum
931 825 1057 869 enim
1094 824 1143 867 in
1180 824 1283 884 ipso
1320 821 1443 867 libro
1480 820 1663 884 aliquo-

207 893 295 937 ties
332 891 666 949 indicaverim7
718 899 997 954 sequentem
1036 891 1094 936 de
1133 891 1292 936 mixtis
1330 891 1585 952 lyricorum
1619 896 1666 934 et

206 958 532 1006 bucolicorum
571 959 785 1005 dialectis
830 968 1046 1005 acturum
1084 975 1213 1015 esse,
1278 956 1528 1004 consilium
1560 973 1663 1001 mu-

206 1027 400 1073 tandum
442 1035 569 1085 erat,
624 1036 872 1090 postquam
905 1028 1114 1090 comperi
1144 1025 1416 1090 Zieglerum
1456 1024 1665 1088 egregiis

204 1096 436 1141 librorum
482 1097 913 1158 manuscriptorum
958 1096 1108 1158 copiis
1151 1096 1201 1140 in
1240 1094 1377 1141 ltalia
1422 1092 1666 1157 conquisi-

204 1165 264 1209 tis
302 1163 547 1210 Theocriti
585 1164 843 1210 editionem
882 1181 1066 1226 parare.

341 1248 458 1294 Vale
496 1258 543 1295 et
578 1250 695 1294 mihi
730 1248 888 1295 favere
925 1266 1090 1312 perge.

259 1383 428 1427 Dabam
456 1384 638 1428 Ilfeldae
670 1385 878 1428 Calendis
909 1385 1040 1442 Majis
1072 1401 1109 1427 a.
1143 1383 1532 1427 MDCCCXLlll.

1721 2895 1744 2955 *ln
1724 2828 1727 2835 '
