1779 3079
214 215 281 262 24
673 210 714 271 §.
752 213 798 259 2.
870 213 944 259 De
980 209 1204 258 sontibus.

216 348 310 390 sine
352 346 500 401 tibris,
545 362 674 404 saepe
712 363 767 390 ne
803 347 967 389 monito
1007 346 1180 405 quidem
1209 345 1399 399 lectore,
1443 343 1667 386 restituere

215 423 394 458 conatus
427 415 530 466 (vid.
562 414 707 457 Pracf.
750 431 793 474 p.
825 415 938 458 XXI
967 422 1010 456 et
1039 415 1091 457 P.
1125 415 1145 456 1
1174 430 1218 472 p.
1250 414 1350 464 710)
1380 412 1494 455 haud
1522 412 1669 467 dubie,

215 499 326 541 quac
356 490 445 524 crat
484 481 763 525 dialcetorum
798 483 874 526 illa
916 489 1050 525 aetate
1090 481 1310 540 cognitio,
1357 481 1490 522 multa
1526 479 1669 538 potius

217 550 412 608 eorrupit
449 567 576 608 quam
616 551 817 593 correxit.
894 551 981 593 Sed
1019 567 1074 592 ne
1115 549 1398 592 audacissima
1427 548 1601 606 quidem
1630 551 1674 589 et

216 617 528 660 violentissima
569 618 717 661 critica
757 619 802 660 id
831 619 1011 673 efficiet,
1058 626 1105 660 ut
1133 625 1205 659 aut
1232 634 1340 676 pura
1367 617 1500 659 Doris
1530 616 1674 658 Italio-

217 685 302 727 tiea
339 694 412 728 aut
450 693 563 728 certe
602 687 809 729 dialectus
850 687 977 728 certis
1017 686 1273 745 quibusdam
1311 685 1481 743 legibus
1513 685 1675 726 obtem-

216 769 372 810 perans
414 754 676 796 restituatur.
750 754 905 811 Neque
942 761 1084 796 tamen
1123 754 1302 796 istorum
1342 754 1393 795 ad
1422 753 1676 794 Italioticam

217 820 448 863 dialectum
479 821 822 879 cognoscendam
851 822 998 863 nullus
1030 829 1096 863 est
1123 838 1243 863 usus.
1322 821 1432 863 Nam
1463 821 1538 878 qui
1568 820 1675 861 anti-

218 888 316 947 quis
338 889 625 947 Pythagoreis
655 889 790 930 libros
821 895 863 930 et
894 889 1096 946 epistolas
1125 896 1470 946 supposuerunt,
1504 887 1677 941 dialecti

220 957 513 1014 cognitionem
544 957 731 1013 aliquam
765 972 787 998 e
817 956 1018 1013 genuinis
1048 956 1221 1014 scriptis
1245 956 1441 997 hausisse
1460 956 1675 1010 videntur,

218 1041 353 1082 quum
382 1025 497 1066 haud
526 1040 622 1066 raro
654 1024 781 1066 etiam
808 1024 1137 1067 reconditiorem
1169 1023 1343 1067 Italicae
1372 1023 1551 1066 Doridis
1580 1039 1678 1082 pro·

219 1092 444 1151 prietatem
474 1092 628 1134 imitati
657 1091 758 1133 sint.

331 1158 516 1201 Philolai
547 1159 757 1217 reliquias.
783 1176 807 1201 a
831 1158 1142 1218 suppositionis
1165 1159 1412 1217 suspicione
1431 1157 1678 1200 Boeckhius

219 1225 467 1269 vindicavit.
556 1226 712 1284 Neque
765 1227 972 1270 dialectus
1017 1234 1182 1268 tantum
1225 1227 1476 1268 offensionis
1532 1226 1677 1280 habet,

222 1302 429 1351 quantum
459 1295 505 1336 iu
535 1294 716 1352 reliquis
744 1295 1117 1353 Pythagoreorum
1155 1295 1423 1352 fragmentis.
1498 1294 1610 1337 Nam
1641 1293 1678 1336 si

221 1361 421 1403 ultimum
451 1364 739 1420 frag-mentum
769 1379 813 1420 p.
848 1364 927 1406 ’164
956 1363 1009 1404 Β.
1043 1365 1084 1414 (e
1116 1363 1291 1406 Stobaci
1321 1363 1417 1404 Ecl.
1451 1363 1497 1417 I,
1528 1364 1601 1417 21,
1632 1363 1659 1405 2

222 1430 441 1488 excipias,
488 1430 604 1489 quod
641 1430 694 1473 ab
732 1430 848 1472 omni
886 1438 1006 1489 parte
1037 1431 1410 1488 corruptissimum
1439 1437 1505 1472 cst
1534 1437 1576 1472 et
1604 1430 1680 1472 du·

222 1497 443 1540 bitationis
474 1500 678 1557 plenum,
719 1499 886 1556 reliqua
917 1506 1031 1541 certe
1060 1499 1172 1540 nihil
1201 1499 1426 1553 Lesbiaci,
1475 1498 1584 1540 nihil
1613 1499 1680 1540 lo·

223 1564 340 1620 nici,
392 1566 504 1608 nihil
532 1566 807 1624 hyperdorici
836 1567 1024 1622 habent,
1076 1574 1224 1609 notatu
1265 1566 1567 1624 dignissimum
1598 1573 1679 1622 est,

224 1632 341 1690 quod
360 1649 581 1691 nunquam
599 1666 611 1687 ,
644 1635 705 1676 uti
736 1635 847 1676 infra
878 1635 1281 1690 demonstrabimus,
1312 1635 1618 1677 Bucolicorum
1640 1641 1682 1677 et

226 1701 492 1759 reliquorum
542 1702 913 1760 Pythagoreorum
962 1719 1079 1744 more
1123 1705 1202 1745 ἐντί
1243 1704 1452 1761 seriptum
1496 1711 1560 1744 est
1603 1718 1682 1760 pro

227 1769 335 1824 ἐστι’,
380 1786 508 1827 quam
544 1771 724 1811 formam
753 1770 886 1812 Doris
922 1771 1113 1813 infucata
1153 1788 1248 1814 cum
1278 1772 1458 1829 reliquis
1489 1771 1682 1813 dialectis

229 1852 498 1879 communem
539 1837 680 1879 habet.
754 1837 893 1880 Multa
922 1847 1061 1881 tamen
1093 1847 1133 1881 et
1163 1857 1186 1881 e
1215 1840 1382 1896 vulgari
1412 1839 1559 1895 lingua
1588 1845 1630 1879 ct
1659 1853 1681 1879 e

228 1903 398 1946 mitiore
427 1904 594 1947 Doride
624 1906 807 1947 admixta
838 1915 967 1960 sunt,
1027 1907 1084 1948 ita
1125 1914 1172 1947 ut
1214 1907 1420 1948 (lialcctus
1462 1907 1590 1962 longe
1622 1905 1682 1946 di-

231 1977 314 2013 stet
343 1987 429 2013 non
472 1973 612 2014 solum
654 1974 705 2014 ab
747 1990 821 2028 ca,
868 1991 949 2032 qua
980 1975 1168 2016 Italiotas
1198 1975 1384 2016 Philolai
1417 1981 1549 2015 aetate
1581 1989 1683 2015 usos

232 2053 325 2081 csse
357 2046 520 2081 eertum
551 2047 646 2094 est,
687 2041 762 2081 scd
793 2043 919 2082 ctiam
950 2043 1001 2083 ab
1033 2059 1105 2096 ea,
1139 2058 1265 2099 quam
1295 2042 1604 2099 philosophum
1632 2041 1685 2083 ad

230 2113 452 2164 poetarum
483 2108 725 2165 exemplum
757 2109 840 2150 sibi
870 2110 1046 2151 linxisse
1078 2110 1193 2151 credi
1225 2110 1375 2167 possit.
1452 2111 1599 2167 Itaque
1630 2125 1683 2151 ne

231 2174 333 2216 hinc
377 2174 550 2232 quidem
589 2175 640 2216 ad
681 2176 915 2219 Italiotieac
958 2177 1130 2235 liuguae
1175 2177 1466 2234 cognitionem
1504 2177 1684 2219 multum

230 2242 495 2301 proficimus.

348 2311 417 2363 17)
477 2312 818 2355 Rhodiorum
872 2314 1100 2355 dialectum
1153 2314 1413 2355 Timocreon
1467 2313 1512 2354 in
1566 2320 1685 2371 parte

233 2378 470 2420 carminum
502 2380 604 2422 satis
635 2390 828 2423 accurate
862 2383 1125 2440 expressisse
1168 2382 1360 2435 videtur,
1409 2381 1532 2436 cujus
1573 2382 1686 2438 frag-

232 2454 374 2488 menta
396 2447 557 2490 Dorica
588 2449 632 2490 in
654 2450 909 2506 Appcndiee
942 2450 1230 2491 emendatiora
1261 2449 1575 2502 exhibebimus,
1605 2464 1685 2490 nce

233 2513 375 2555 minus
405 2532 635 2573 puerorum
670 2516 936 2558 Rhodiorum
972 2518 1369 2571 Chelidonismum,
1404 2533 1488 2575 quo
1520 2524 1561 2557 et
1590 2517 1685 2574 ipso

235 2581 297 2621 uti
327 2582 441 2624 lieet.
525 2584 724 2626 Cleobuli
754 2585 934 2643 epistola
965 2587 1072 2642 apud
1105 2587 1237 2643 Diog.
1271 2586 1415 2627 Laert.
1449 2585 1496 2638 I,
1526 2585 1580 2627 93
1613 2585 1686 2625 bo-

234 2648 338 2689 mini
369 2649 547 2693 dcbctur
577 2653 840 2694 Rhodiorum
873 2653 1041 2695 dialecti
1075 2671 1160 2695 non
1194 2654 1367 2695 omnino
1396 2653 1559 2709 ignaro.

351 2718 418 2765 18)
480 2719 709 2763 Cretica
750 2721 930 2763 dialecto
972 2722 1182 2779 Cypselus
1229 2737 1332 2763 usus
1373 2736 1467 2762 esse
1507 2719 1687 2761 traditur
1741 2762 1744 2772 ,

236 2783 339 2833 (vid.
374 2781 412 2841 ἓ.
451 2787 468 2828 l
503 2794 591 2829 not.
625 2789 696 2842 7),
742 2788 793 2830 de
824 2805 909 2846 quo
941 2789 1050 2831 nihil
1082 2798 1299 2848 praeterea
1329 2794 1508 2830 constat.
1584 2786 1685 2844 Epi·
1742 2788 1743 2795 ’
