1779 3079
240 165 337 213 418
561 162 601 222 §.
636 164 715 213 49.
787 165 861 211 De
896 163 1141 212 severiore
1174 165 1371 213 Doride.

238 306 327 349 ret,
360 313 470 357 quae
500 313 596 339 cum
616 297 856 341 Tarentina
886 298 996 342 nihil
1027 300 1197 342 differre
1225 300 1408 344 videtur.
1470 301 1540 343 De
1572 309 1687 346 utro·
1755 345 1761 355 ⁴,

238 382 424 424 rumque
454 366 632 423 linguae
661 367 856 409 fontibus
895 368 992 410 vide
1025 369 1065 422 ξ.
1099 370 1152 423 2,
1184 370 1225 411 7.
1260 369 1328 411 16.
1401 368 1686 427 Reliquarum
1758 367 1764 380 ²

240 434 413 476 urbium
442 434 752 477 Italiotiearum
797 436 917 478 nulla
958 452 1091 493 purae
1130 436 1317 494 originis
1355 437 1542 480 Doricae
1580 445 1684 481 erat.

234 502 397 560 Rhegii
446 509 586 545 tamen
632 502 845 547 Messenii
893 512 941 546 ut
997 505 1178 563 imperio
1231 505 1290 547 ita
1345 505 1530 548 dialecto
1583 521 1687 564 prae

237 569 601 613 Chalcidensibus
630 572 819 614 valuisse
851 573 1074 628 videntur5
1113 581 1227 615 certe
1258 574 1304 615 in
1335 590 1422 616 una
1451 590 1505 616 ex
1534 573 1687 617 inscri-

234 638 462 697 ptionibus
491 638 706 697 Rheginis
737 656 759 682 a
786 639 1030 683 Morrisano
1062 642 1257 683 collectis
1296 658 1340 699 p.
1376 641 1428 684 59
1460 643 1588 695 δᾶμος
1616 658 1686 684 ex·

234 714 295 748 tat
336 706 412 762 (de
441 707 566 761 aliis,
612 723 720 766 quae
760 709 870 750 male
900 709 952 750 ad
985 708 1283 766 Rheginorum
1315 710 1545 752 dialectum
1578 710 1688 752 refe-

233 782 413 829 runtur,
445 775 543 817 vide
575 777 713 829 §.14,
745 777 787 818 2.
812 777 836 818 3
872 786 912 818 et
942 776 983 829 ξ.
1009 777 1079 830 37,
1115 778 1169 829 2,
1201 786 1422 835 praetcrea
1450 778 1492 831 ξ.
1515 777 1586 828 46,
1614 778 1686 832 6),

233 843 413 884 eandem
452 843 647 900 linguam
678 843 867 885 Buxenti
909 859 1116 900 regnasse
1156 845 1421 900 credideris,
1468 861 1579 904 quae
1617 861 1688 887 co-

229 910 348 953 lonia
378 927 400 952 a
430 910 694 964 Messaniis‚
745 911 820 968 qui
851 911 1025 969 Rhegio
1056 912 1249 954 Zanclen
1290 913 1688 970 commigraverant,

231 977 345 1020 cirea
377 978 450 1020 Ol.
485 977 706 1020 LXXVII
736 979 918 1021 deducta
948 996 1042 1022 esse
1075 981 1227 1022 fertur.
1287 980 1440 1035 Latet,
1485 997 1571 1038 quo
1600 980 1691 1022 Do-

230 1045 341 1087 ridis
372 1060 532 1102 genere
561 1053 744 1103 utraque
782 1047 888 1090 urbs
929 1064 1006 1089 usa
1039 1048 1109 1090 sit.
1171 1048 1413 1090 Locrorum
1443 1049 1691 1107 Epizephy-

230 1113 394 1154 riorum
432 1113 556 1171 origo
598 1114 911 1157 obscurissima
952 1123 1042 1171 est3
1086 1116 1372 1158 Doriensium
1412 1124 1455 1158 et
1485 1116 1690 1175 Spartani

231 1188 273 1222 et
304 1180 568 1238 Syracusani
606 1183 800 1224 coloniae
839 1184 1027 1241 aliquam
1058 1192 1219 1242 partem
1251 1184 1459 1227 habuisse
1487 1185 1691 1227 videntur

229 1248 317 1291 vid.
339 1249 469 1292 Miill.
494 1249 604 1292 Dor.
637 1251 685 1303 Ι,
719 1251 801 1293 127
830 1260 872 1293 et
902 1252 970 1306 ΙΙ,
1004 1251 1103 1295 228.
1165 1252 1355 1295 Dialecti
1387 1253 1563 1295 unicum
1594 1267 1690 1309 spe-

229 1315 370 1360 cimen
411 1326 609 1376 superest
646 1318 690 1360 in
732 1319 922 1362 carmine
961 1320 1161 1378 populari
1191 1320 1377 1362 Locrico
1408 1321 1524 1379 apud
1553 1320 1687 1362 Athe-

228 1400 385 1428 naeum
414 1385 502 1428 XV
530 1403 574 1444 p.
607 1387 720 1443 6973
765 1388 900 1430 Doris
929 1396 1132 1446 apparet,
1179 1389 1364 1430 maxime
1394 1388 1441 1430 in
1472 1390 1619 1445 ἐςορῇς·
1648 1395 1690 1429 et

227 1453 374 1507 μολέν,
418 1462 460 1496 et
491 1454 536 1497 in
566 1456 675 1510 hoc,
717 1456 755 1499 si
785 1464 899 1499 recte
932 1456 1138 1514 scriptum
1171 1464 1260 1509 est,
1301 1456 1516 1500 Italiotica
1545 1454 1690 1497 infini-

227 1520 307 1563 tivi
327 1523 559 1581 correptio.
606 1524 849 1583 Pleraeque
872 1524 1023 1567 Italiae
1053 1524 1184 1566 urbes
1205 1524 1396 1567 Graecae
1426 1524 1480 1566 ab
1499 1523 1691 1566 Achaeis

227 1589 428 1631 conditae
460 1599 605 1646 erant,
659 1601 707 1634 ut
738 1592 918 1650 Sybaris
951 1600 993 1634 et
1024 1592 1186 1635 Croton
1219 1609 1316 1635 cum
1349 1592 1536 1636 coloniis
1569 1592 1689 1644 suis3

229 1655 435 1701 Crotonis
475 1659 619 1718 aliqua
660 1677 759 1719 pars
790 1661 1043 1704 Laconibus
1082 1660 1330 1703 vindicatur
1357 1662 1487 1705 Miill.
1519 1660 1629 1702 Dor.
1667 1658 1689 1698 I

225 1740 271 1781 p.
305 1725 401 1767 126.
461 1726 606 1771 Valde
636 1736 779 1771 tamen
810 1730 1035 1783 dolemus,
1069 1728 1188 1788 quod
1218 1729 1271 1770 de
1299 1730 1574 1772 Achaeorum
1604 1725 1687 1766 Ita·

224 1791 310 1834 liae
339 1793 491 1852 lingua
520 1812 608 1838 non
638 1797 776 1854 magis
807 1805 975 1841 constat
1006 1813 1133 1856 quam
1165 1797 1218 1839 de
1248 1793 1684 1854 Peloponnesiorum.

224 1859 431 1905 Petiliam
462 1880 486 1905 a
506 1864 751 1908 Philoctete
781 1866 997 1909 conditam
1029 1881 1154 1919 esse,
1187 1865 1244 1906 ef.
1273 1864 1464 1906 Boeckh.
1497 1862 1550 1904 ad
1572 1862 1624 1904 C.
1647 1861 1684 1902 I.

225 1942 293 1968 nr.
326 1929 353 1970 4
372 1960 384 1982 ,
423 1931 539 1973 haud
567 1933 696 1975 facile
725 1934 970 1988 credimusg
1002 1941 1166 1975 tessera
1198 1931 1450 1974 Petiliensis
1481 1930 1686 1972 Doricam

225 1994 457 2040 dialectum
497 1999 556 2041 ita
598 2002 797 2051 exhibet,
846 2010 892 2043 ut
933 2018 1072 2058 genus
1114 2008 1291 2058 propter
1328 2000 1550 2057 antiquam
1582 1998 1686 2040 scri-

222 2070 391 2120 pturam
424 2066 615 2109 discerni
646 2077 846 2126 nequeat.
918 2068 1126 2126 Superest
1165 2068 1392 2126 inscriptio
1424 2067 1470 2108 in
1501 2066 1687 2108 Bruttiis

224 2132 372 2174 nescio
412 2135 489 2177 ubi
529 2144 724 2194 reperta,
770 2136 814 2177 in
856 2153 939 2194 qua
985 2136 1177 2178 severius
1209 2135 1392 2178 Doridis
1431 2151 1570 2192 genus
1614 2150 1685 2192 ap-

222 2208 356 2255 paret.
431 2202 528 2246 Hoc
567 2204 705 2263 igitur
745 2205 855 2247 ultra
885 2204 1226 2246 Tarentinorum
1258 2211 1299 2246 et
1330 2202 1685 2245 Heracleensium

222 2265 331 2307 fines
371 2267 456 2310 late
498 2285 575 2327 per
604 2273 808 2330 Magnam
842 2273 1065 2315 Graeciam
1099 2289 1295 2330 sparsum
1324 2270 1462 2313 fuisse
1492 2267 1684 2325 suspica-

227 2349 339 2375 mur.
417 2336 515 2379 Jam
546 2338 759 2382 Italiotica
789 2340 1020 2382 severioris
1049 2339 1233 2380 Doridis
1266 2335 1432 2395 species
1462 2351 1486 2377 a
1514 2335 1685 2393 reliquo

224 2402 441 2447 severiore
473 2422 634 2464 genere
663 2408 733 2451 his
763 2408 1038 2466 potissimum
1070 2407 1198 2448 rebus
1229 2404 1536 2462 distinguitur:

335 2535 447 2578 Cum
479 2537 731 2582 Laconibus
762 2539 958 2582 Italiotae
992 2559 1013 2590 η
1047 2548 1088 2581 et
1120 2557 1149 2580 ω
1185 2555 1261 2597 pro
1292 2537 1546 2597 vulgaribus
1577 2552 1613 2578 ει
1642 2544 1683 2579 et

221 2618 268 2641 ου
299 2606 544 2648 communia
574 2609 733 2650 habent
764 2609 957 2667 exceptis
990 2608 1219 2650 infinitivis
1238 2639 1249 2659 ‚
1282 2607 1357 2664 qui
1387 2605 1606 2647 Laconice
1638 2604 1681 2645 in

223 2683 269 2714 'zv
310 2672 551 2719 desinunt:
596 2692 693 2717 nam
737 2676 780 2717 in
821 2677 889 2718 his
930 2676 1106 2734 quidem
1138 2676 1332 2718 ltaliotac
1365 2672 1677 2728 correptionem
