1779 3079
211 212 276 260 52
649 209 690 269 §.
727 210 773 258 5.
844 209 918 256 De
953 207 1216 273 digamma.

326 348 372 396 8)
434 345 571 402 Saepe
601 345 714 402 apud
745 344 1008 401 Hesyehium
1041 358 1190 392 voces,
1224 356 1328 398 quas
1360 340 1570 397 digamma
1601 340 1663 382 in-

214 421 398 456 structas
440 413 601 467 fuisse,
646 420 717 453 aut
757 419 915 453 certum
957 418 1028 451 aut
1065 408 1285 467 probabile
1317 416 1408 462 est,
1450 407 1666 461 literam?

214 483 259 523 in
304 483 443 523 fronte
487 480 659 522 habent.
734 480 829 521 Jam
861 478 1024 535 pridem
1059 477 1170 517 inter
1198 475 1346 516 doctos
1376 475 1490 516 viros
1521 474 1666 532 dispu-
1701 471 1707 476 ’

216 557 348 590 tatum
393 556 484 600 est,
532 555 672 589 utrum
714 563 857 588 errore
889 545 1070 602 quodam
1103 543 1171 584 vel
1202 543 1410 599 Hesychii
1441 541 1510 584 vel
1539 542 1667 583 unius

216 633 268 658 ex
298 617 376 665 iis,
411 631 518 673 quos
549 614 802 671 exscripsit,
834 630 911 671 pro
944 613 1152 669 digamma
1185 610 1337 650 similis
1361 610 1481 651 litera
1504 624 1670 665 gamma

216 691 383 726 exarata
423 683 510 733 sit,
570 699 621 723 an
663 682 869 722 dialectus
909 680 1114 738 quaedam
1153 677 1175 731 ᾇ
1213 694 1291 735 pro
1333 678 1543 734 digamma
1573 691 1669 734 pro-

215 751 488 793 nuntiaverit.
565 750 689 791 Hane
720 749 966 806 opinionem
997 746 1235 788 recentiore
1264 753 1455 802 tempore
1486 742 1671 800 amplexi

216 826 317 860 sunt
358 818 644 859 Buttmannus
691 816 834 857 Lexil.
879 815 918 855 ll
965 831 1008 871 p.
1044 815 1117 855 161
1167 821 1207 853 et
1253 813 1428 853 Giesius
1471 812 1522 852 de
1568 810 1667 852 dial.

215 886 344 927 Aeol.
388 902 430 943 p.
463 885 544 927 293
577 900 696 940 seqq.
785 882 955 935 Quibus
996 883 1076 921 boc
1117 880 1418 931 concedimus,
1464 878 1557 919 fleri
1598 893 1672 934 po-

217 953 379 1006 tuisse,
423 959 468 992 ut
498 951 638 1007 aliqua
672 950 862 991 Graecae
893 949 1064 1005 linguae
1096 947 1303 987 dialectus
1334 946 1544 1002 digamma
1577 945 1619 985 in
1649 962 1668 998 7

217 1027 425 1071 mutaret,
459 1019 584 1059 sicuti
615 1016 936 1059 Franco-Galli
968 1033 989 1056 e
1022 1022 1239 1056 vastare
1269 1015 1465 1055 fecerunt
1494 1018 1672 1069 gater;

217 1095 406 1129 ceterum
435 1085 687 1126 contrariam
721 1083 973 1125 sententiam
1004 1082 1251 1140 probamus.
1315 1081 1509 1122 Primum
1540 1079 1672 1129 enim,

216 1155 311 1212 ipso
353 1153 501 1194 Giesio
539 1161 766 1205 monente,
819 1152 1154 1203 inirum‘csset,
1200 1150 1244 1190 ni
1286 1148 1556 1205 Hesychius,
1598 1146 1674 1204 qui

218 1229 380 1262 tantum
422 1221 665 1261 reconditae
709 1219 926 1261 doctrinae
966 1233 987 1257 c
1029 1217 1222 1258 dialectis
1266 1216 1472 1267 servavit,
1538 1215 1674 1272 ipsius

218 1289 428 1345 digamma
471 1303 611 1344 neque
653 1287 807 1341 abjecti
851 1301 989 1342 neque
1032 1285 1074 1325 in
1116 1285 1217 1325 alias
1251 1285 1398 1325 literas
1431 1282 1577 1324 mutati
1607 1298 1677 1323 vc-

218 1356 345 1412 stigia
377 1355 583 1413 quaedam
618 1360 808 1407 tenerct3
871 1353 1025 1394 deinde
1067 1353 1296 1393 nemodum
1337 1351 1506 1401 docuit,
1552 1350 1676 1406 cujus

219 1423 391 1465 dialecti
421 1423 501 1464 ista
533 1421 708 1462 mutatio
751 1421 906 1473 suerit,
955 1428 995 1461 et
1039 1420 1206 1477 glossae
1246 1420 1344 1460 illae
1378 1418 1676 1475 Hesyeliianae

217 1491 363 1548 potius
394 1491 657 1531 diversarum
689 1489 968 1530 dialectorum
1001 1488 1261 1545 peculiarem
1290 1487 1477 1527 indolem
1496 1501 1598 1543 prae
1631 1501 1676 1526 sc

217 1558 386 1609 ferunt„
421 1557 545 1597 modo
577 1556 809 1597 Lesbiacae
839 1556 924 1597 vid.
959 1556 1008 1596 L.
1036 1555 1054 1596 I
1087 1555 1128 1608 ξ.
1152 1556 1192 1608 5,
1221 1557 1272 1608 2,
1305 1554 1430 1595 modo
1451 1553 1676 1594 Boeoticae

221 1624 306 1665 vid.
344 1624 447 1665 ibid.
484 1621 522 1682 ἓ.
559 1625 636 1677 35,
669 1624 821 1669 modo..
863 1631 907 1664 ut
938 1640 1034 1664 mox
1068 1623 1343 1674 docebimus,
1378 1621 1589 1674 Doricae,
1622 1621 1678 1662 ita

221 1700 267 1732 ut
311 1692 483 1733 caedem
530 1708 656 1733 voces
696 1692 908 1733 interdum
951 1709 973 1732 e
1015 1691 1195 1732 diversis
1235 1690 1429 1731 dialectis
1473 1689 1677 1746 repetitae

221 1759 330 1811 sint,
363 1767 409 1800 ut
437 1762 533 1813 γεάρ
565 1768 607 1801 et
635 1759 886 1801 Boeoticum
918 1762 1036 1812 γιίιςι,
1079 1759 1337 1800 Le'sbiaeum
1368 1759 1496 1812 γέμμα
1528 1764 1569 1797 et
1598 1757 1677 1798 La-

223 1827 418 1868 conicum
451 1831 557 1880 7¹5⁹ss
592 1843 668 1884 pro
700 1829 814 1879 εἷμα,
869 1829 981 1879 γιῖιυς
1013 1835 1052 1867 ct
1084 1826 1343 1868 Laconicum
1374 1827 1505 1878 γέτορ.
1583 1824 1677 1866 Jam

220 1910 319 1935 vero
350 1910 488 1950 neque
520 1911 589 1936 cas
621 1895 825 1935 dialectos
866 1895 1075 1950 digamma
1117 1895 1158 1934 in
1199 1902 1220 1946 ᾗ
1268 1900 1452 1933 mutasse
1494 1900 1676 1945 constat,

225 1977 364 2017 neque
396 1962 477 2002 alia
508 1962 712 2019 quaedam
745 1962 921 2017 eogitari
956 1969 1116 2017 potest,
1177 1976 1284 2017 quae
1326 1968 1367 2001 et
1406 1960 1514 2000 banc
1546 1967 1677 2000 muta-

224 2028 382 2069 tionem
422 2029 637 2085 propriam
681 2029 874 2069 babuerit
906 2036 946 2068 et
981 2028 1365 2069 diversissimarum
1399 2028 1677 2068 dialectorum

225 2102 396 2136 naturas
428 2095 715 2150 conjunxerit.
788 2096 1011 2136 Praeterea
1046 2104 1190 2137 notatu
1222 2096 1398 2151 dignum
1432 2102 1521 2143 est,
1563 2094 1678 2151 quod

226 2162 335 2203 nulli
364 2163 510 2203 barum
541 2163 777 2219 glossarum
809 2163 976 2203 dialecti
1010 2163 1264 2219 significatio
1296 2164 1433 2203 addita
1465 2170 1542 2203 est.
1597 2163 1675 2204 lta-

226 2246 308 2287 que
339 2230 513 2271 haustae
545 2231 743 2272 videntur
784 2247 805 2271 c
846 2231 1054 2286 glossario
1095 2230 1265 2287 aliquo,
1310 2231 1424 2287 quod
1468 2230 1677 2271 variarum

226 2297 503 2338 dialectorum
549 2314 674 2339 voces
726 2298 906 2354 originis
952 2299 1090 2339 indiec
1135 2314 1218 2338 non
1267 2298 1407 2338 addito
1453 2305 1677 2354 congestas

228 2365 469 2423 praebebat.
535 2365 661 2418 Quod
693 2381 790 2406 vero
823 2382 894 2405 eac
926 2365 1092 2421 glossae
1125 2366 1175 2405 ad
1208 2365 1371 2406 literam
1405 2365 1609 2406 initialem
1648 2371 1685 2405 Ι’

228 2432 381 2472 relatae
413 2439 537 2485 suut,
587 2433 680 2488 ejus
712 2450 836 2489 quem
870 2432 1112 2488 Hesychius
1145 2433 1371 2490 exscripsit
1404 2433 1546 2489 potius
1578 2449 1676 2474 eou-

228 2499 325 2540 silio
357 2516 481 2556 quam
513 2517 654 2541 errore
690 2501 842 2540 sactum
875 2500 1054 2540 videtur.
1119 2500 1205 2553 Qui
1238 2517 1367 2557 quum
1400 2500 1554 2540 dubius
1580 2501 1676 2541 hac-

227 2573 362 2615 rcrct,
405 2583 530 2623 quem
563 2568 700 2609 locum
733 2567 948 2607 obsoletae
982 2568 1126 2607 literae.
1159 2568 1269 2608 inter
1300 2568 1486 2624 reliquas
1519 2567 1674 2608 tribue.-

228 2640 317 2685 ret,
363 2635 473 2674 baud
507 2636 639 2676 multo
670 2635 896 2675 absurdius
928 2650 1090 2689 gamma
1123 2642 1161 2673 et
1193 2636 1401 2691 digamma
1433 2635 1674 2691 promiscua

228 2700 382 2741 habere
415 2703 660 2749 constituit,
703 2719 825 2759 quam
859 2701 930 2759 qui
966 2701 1006 2740 in
1040 2703 1289 2744 vernaculae
1323 2703 1491 2757 linguae
1525 2702 1672 2743 lexicis

228 2781 249 2809 cz
281 2775 322 2807 et
352 2767 394 2816 ἆ,
427 2783 445 2810 0
476 2777 516 2809 et
549 2769 594 2813 ὃ.
628 2785 648 2813 11
683 2779 721 2811 et
753 2769 775 2812 ὑ
809 2769 938 2810 simili
970 2769 1130 2809 ratione
1162 2771 1444 2825 conjungunt.
1519 2770 1670 2810 Postea
