1779 3079
268 179 370 231 386
667 178 710 238 §.
741 177 821 228 46.
889 177 1041 227 Varia
1073 176 1318 240 quaedam.

273 316 341 358 14.
404 311 671 356 Laconicum
703 313 846 368 ἕπέναρ
886 313 940 356 ab
972 312 1193 371 Hesychio
1223 312 1464 370 explicatur
1494 314 1550 361 εἰς
1577 312 1722 367 τετάρ-

271 401 368 434 την,
417 388 463 424 ut
491 379 756 440 praepositio
787 382 853 422 ἐπί
882 381 1062 424 eandem
1100 381 1185 424 vim
1228 380 1409 434 haheat,
1454 396 1582 439 quam
1623 380 1721 434 μετά

273 451 318 492 in
348 449 588 505 μεταύριον,
621 449 888 507 perendie
918 450 975 491 cf.
1010 449 1124 508 apud
1156 448 1341 490 cundem
1372 449 1538 498 ὕπενες,
1572 451 1628 497 εἰς
1658 464 1721 489 τε-

272 518 439 572 τάρτην.
502 517 716 576 Coi-rupte
744 521 817 567 νῆς
847 517 1057 560 Doricum
1089 517 1248 559 dicitur
1269 515 1303 572 7)
1336 532 1414 574 pro
1444 515 1561 567 ἔνης,
1594 515 1722 571 cujus

274 586 320 627 in
359 586 505 629 locum
545 588 619 635 νᾶς
657 586 971 628 restituendum
1012 602 1106 629 esse
1144 586 1327 627 videtur.
1404 583 1605 625 Ceterum
1648 582 1723 625 vix

273 653 454 696 dubium
495 660 587 706 cst,
630 653 735 711 quin
775 653 870 704 ἔνης
900 662 941 695 ct
970 653 1063 702 ἕνας
1091 653 1195 695 olim
1225 653 1388 711 primae
1420 650 1723 693 declinationis

276 720 460 779 genitivi
498 721 689 775 fuerint,
733 721 792 763 ita
821 729 970 779 postca
999 722 1045 763 in
1077 721 1378 763 adverbiorum
1409 727 1603 761 naturam
1632 734 1724 762 mu-

273 789 377 843 tati,
411 796 457 830 ut
487 789 614 831 ctiam
646 805 743 831 cum
771 788 1094 847 praepositione
1123 790 1179 836 εἷς
1203 789 1337 846 jungi
1365 787 1597 845 potuerint.

387 855 460 910 11)
519 857 631 900 Mira
662 857 798 899 forma
827 856 963 898 utitur
991 856 1241 897 adverbium
1273 857 1447 896 διπλεῖ
1475 854 1650 896 Heracl.
1685 853 1722 905 l,

274 924 326 967 61
360 925 429 966 vel
461 925 614 974 διπλῆ
645 923 824 981 Coi-cyr.
860 923 996 977 1845,
1038 939 1170 982 quum
1203 925 1324 975 ὁιπλᾷ
1352 922 1636 981 postulemus.

923 1064 965 1118 ξ.
1008 1064 1080 1108 46.

775 1166 922 1198 Varia
956 1167 1220 1207 quaedam·

389 1266 430 1317 1)
490 1264 633 1306 Pauca
676 1263 885 1321 quaedam
933 1263 1200 1306 substantiva
1240 1263 1326 1305 alio
1368 1280 1574 1321 genere
1616 1265 1727 1323 apud

275 1333 515 1375 Dorienses
546 1337 727 1373 utuntur
756 1338 885 1389 atque
914 1331 959 1372 in
989 1331 1160 1389 vulgari
1198 1332 1364 1388 lingua.
1429 1333 1624 1374 Primum
1665 1334 1727 1375 fe-

275 1400 489 1443 mininum
524 1415 602 1457 pro
642 1399 883 1441 masculino
924 1406 988 1440 est
1027 1398 1203 1452 λιμός,
1251 1407 1298 1440 ut
1336 1400 1527 1442 Acharn.
1559 1401 1643 1443 709
1682 1401 1727 1442 in

275 1467 546 1526 Megarensis
588 1467 782 1509 oratione
822 1469 896 1514 τᾶς
935 1470 1074 1519 λιμοῦ,
1122 1482 1249 1525 quem
1287 1466 1429 1510 locum
1472 1476 1667 1526 spectant
1696 1468 1729 1511 ii

275 1535 543 1594 grammatici
566 1538 624 1585 ¹),
669 1534 744 1593 qui
784 1533 986 1576 feminini
1023 1550 1149 1576 usum
1178 1534 1389 1578 Doricum
1421 1535 1581 1577 dicunt.
1640 1536 1726 1578 De-

275 1605 377 1646 inde
408 1602 695 1646 masculinum
726 1619 805 1661 pro
837 1602 1050 1644 feminino
1081 1610 1146 1646 cst
1188 1604 1209 1645 ὁ
1251 1602 1454 1658 φάρυγξ
1493 1604 1650 1661 Epich.
1682 1605 1725 1659 9,

275 1688 403 1730 quem
435 1672 579 1713 locum
610 1679 652 1713 et
671 1670 947 1728 Phrynichus
979 1670 1225 1728 significare
1255 1671 1449 1725 videtur,
1482 1688 1614 1730 quum
1643 1688 1730 1715 ma-

277 1740 492 1782 sculinum
533 1755 673 1796 genus
712 1738 975 1796 Epicharmo
1015 1739 1196 1793 tribuit,
1252 1746 1293 1781 et
1329 1739 1405 1781 alii
1445 1740 1728 1798 grammatici,

274 1824 408 1866 quum
427 1807 722 1850 Doriensibus
744 1808 805 1862 2)3
838 1815 1027 1849 ceterum
1056 1807 1285 1849 masculini
1316 1823 1442 1850 usum
1462 1808 1610 1850 Atthis
1640 1824 1728 1850 non

275 1875 450 1917 omnino
481 1876 684 1917 abhorret
712 1874 800 1916 vid.
833 1875 1027 1918 Lobeck.
1060 1874 1114 1917 ad
1143 1874 1379 1932 Phrynich.
1411 1892 1456 1934 p.
1489 1876 1556 1918 65.
1620 1875 1728 1918 Ter·

275 1942 456 1984 minatio
487 1941 619 1985 simul
648 1949 807 1984 mutata
837 1950 903 1985 est
932 1942 977 1984 in
1010 1944 1031 1984 ὁ
1061 1942 1293 1995 ψύλλος,
1325 1958 1410 2000 quo
1440 1941 1728 2000 Epicharmus

277 2125 349 2148 non
365 2113 414 2148 sit
438 2122 550 2153 cras,
577 2111 642 2145 sed
661 2111 906 2156 perendie.
939 2110 1017 2143 Nos
1032 2120 1112 2142 cum
1128 2109 1185 2142 his
1199 2119 1415 2153 comparare
1428 2110 1606 2146 malumus
1630 2110 1725 2156 οἵας,

276 2171 321 2209 εἷς
343 2170 483 2217 αὔριον·
523 2169 670 2203 Βοιωτοί
694 2176 729 2202 et
754 2169 848 2205 ἴνσας
875 2168 896 2200 i.
912 2179 943 2201 c.
971 2167 1019 2204 ἐνς
1043 2166 1083 2205 εἷς
1108 2169 1191 2211 (pro
1216 2166 1246 2204 ἐς
1271 2166 1352 2207 ἄας)
1377 2167 1561 2203 Creticum
1582 2169 1637 2203 vel
1654 2172 1726 2204 Ar-

275 2230 400 2273 givum
435 2227 611 2261 habemus
646 2226 719 2260 vid.
750 2227 777 2269 ξ.
809 2227 870 2266 14,
907 2225 997 2262 εἴδοις
1031 2235 1079 2257 ex
1113 2225 1202 2262 εἴσας
1227 2233 1440 2270 corruptum
1466 2226 1727 2262 existimamus.

323 2288 358 2330 1)
406 2284 547 2320 Scholi.
575 2284 690 2318 Arist.
716 2283 875 2317 Acharn.
906 2284 971 2317 742
997 2284 1104 2323 (709).
1152 2284 1292 2329 Δωριεῖς
1322 2285 1356 2317 ὁὲ
1390 2286 1484 2328 θῆλυ
1511 2286 1643 2327 λέγουσι
1666 2285 1729 2330 τὴν

275 2342 385 2384 λιμόν.
433 2343 491 2376 Et.
520 2342 573 2376 M.
598 2343 682 2382 566,
712 2344 762 2375 10.
811 2339 909 2386 παρὰ
943 2342 1002 2380 μὲν
1032 2343 1102 2377 τοῖς
1122 2337 1320 2384 Ἀθηναίοις
1353 2338 1530 2387 ἀρσενικῶς
1554 2344 1685 2385 λέγεται
1709 2342 1728 2377 ὁ

275 2400 388 2442 λιμός,
422 2399 523 2446 παρὰ
559 2400 594 2433 δὲ
626 2403 696 2436 τοῖς
720 2399 886 2444 Δωριεῦσι
920 2400 1079 2442 θηλυκῶς
1105 2396 1125 2442 ἢ
1150 2399 1262 2438 λιμός,
1300 2400 1344 2432 cs.
1372 2400 1430 2434 Et.
1458 2400 1553 2434 Gud.
1579 2403 1665 2445 371,
1694 2405 1723 2436 l.

276 2459 318 2493 In
344 2456 602 2503 Etymologici
640 2456 720 2490 cod.
748 2456 833 2490 Par.
858 2457 924 2491 3⁴6
958 2463 1050 2490 teste
1074 2456 1254 2490 Bekkero
1279 2465 1363 2501 post
1388 2458 1446 2492 Et.
1475 2457 1570 2492 Gud.
1595 2470 1631 2502 p.
1659 2460 1727 2493 950

274 2515 379 2549 locus
405 2513 702 2559 Aristophaneus
725 2513 873 2546 additus
898 2520 963 2546 est.

321 2574 356 2615 2)
408 2572 616 2617 Phrynicli.
652 2583 687 2616 p.
717 2574 772 2605 65.
823 2569 840 2604 ὃ
873 2570 1004 2616 σάριάγξ
1035 2570 1212 2616 ἀρσενικῶς
1241 2572 1300 2611 μέν
1327 2570 1535 2618 Ἐπίχαρμος
1566 2575 1670 2615 λέγει,
1705 2571 1723 2608 ὖ

275 2632 309 2665 δὲ
332 2628 483 2666 Ἀττικὸς
510 2627 530 2672 ἡ
558 2627 691 2673 φάρυγξ
723 2636 759 2663 et
792 2628 968 2661 similiter
993 2628 1122 2662 Thom.
1152 2630 1252 2671 Mag.
1294 2640 1327 2673 p.
1354 2632 1430 2664 570.
1480 2631 1537 2664 Et.
1567 2631 1618 2666 M.
1645 2633 1723 2673 788,

274 2690 329 2723 37.
371 2689 532 2731 θηλυκῶς
555 2688 687 2726 μᾶλλον
713 2686 811 2720 εἴωθε
839 2687 1019 2728 λέγεσθαι,
1052 2684 1093 2724 ὡς
1118 2685 1148 2719 οἶ
1171 2685 1318 2720 Ἀττικοὶ
1342 2690 1510 2733 χρῶνται·
1547 2687 1726 2735 ἀρσενικῶς

275 2745 309 2777 δὲ
335 2743 365 2776 οἱ
390 2745 530 2790 Δωριεῖς
555 2746 794 2791 προφέρουσιν.
843 2743 1025 2778 Similiter
1050 2744 1233 2778 Choerob.
1261 2745 1306 2779 ad
1333 2745 1476 2781 Tlleod.
1503 2747 1565 2790 82,
1592 2749 1625 2782 9.
