1779 3079
433 205 475 266 §.
509 204 590 255 48.
659 206 733 253 De
769 202 965 251 mitiore
999 201 1196 251 Doride.
1440 201 1535 251 411

91 340 333 383 accusativo
358 340 510 396 juncta
540 354 681 398 neque
703 355 755 380 cx
778 337 1008 380 Homerica
1027 337 1179 395 lingua
1198 335 1335 394 repeti
1357 342 1541 394 possunt

90 425 231 467 neque
253 426 276 452 e
296 408 536 462 Lesbiaea‚
570 422 710 464 neque
741 413 920 463 utraque
950 405 1190 463 proprietas
1221 404 1352 446 simul
1381 420 1434 446 cx
1459 403 1541 445 alia

89 477 271 519 Doridis
305 477 450 535 specie
486 483 783 533 praeterquam
821 487 844 514 e
873 472 1105 529 Delphica.
1177 471 1245 515 Ne
1282 471 1408 515 elisio
1446 470 1542 528 qui·

90 545 188 586 dem
218 544 555 602 praepositionis
584 543 678 596 περί
716 540 809 592 (Ol.
842 540 934 593 VI,
965 540 1020 582 38
1049 539 1145 595 περ’
1178 539 1350 582 ἀτλάτου
1379 538 1541 593 πάθας,

89 610 143 652 Ρ.
176 612 257 666 IV,
290 612 373 655 265
402 610 498 665 περ’
531 611 682 663 αὑτᾶς,
714 609 766 650 Ρ.
797 608 894 661 111,
927 607 981 649 52
1009 607 1249 660 περάπτων,
1283 608 1339 650 Ν.
1374 607 1458 661 XI,
1488 606 1544 650 40

87 678 293 732 πὲροδος,
325 679 380 720 fr.
407 677 488 721 126
517 675 749 733 περιδαῖος)
782 676 932 719 eodem
959 675 1062 730 jure
1092 675 1144 718 ad
1166 675 1423 718 Lesbiaeam
1456 675 1545 717 dia-

88 747 246 788 lectum
277 746 430 788 referri
461 752 629 803 potest,
661 761 747 803 quo
777 745 831 787 ad
850 743 1124 802 Delphicam.
1184 743 1294 785 Nam
1325 743 1399 785 illa
1424 759 1545 801 prae-

87 814 350 872 positionem
381 821 452 855 aut
481 829 672 871 apocope
703 812 831 855 afficit
870 820 968 854 ante
1008 827 1221 853 consonas
1263 817 1310 852 ut
1339 811 1543 865 περθέτω,

87 888 160 923 aut
189 896 267 939 pro
309 882 395 923 iota
435 889 533 924 ante
573 882 746 924 vocales
785 880 893 922 eliso
934 897 958 931 ρ
1001 879 1190 937 geminat
1227 885 1276 920 ut
1313 878 1544 933 πέρροχοςς

89 948 347 1006 simpliciter
377 948 475 991 elisi
516 949 600 991 iota
640 949 886 1006 exemplum
927 963 1015 989 non
1057 947 1270 1006 reperitur
1314 946 1404 989 vid.
1436 946 1491 987 L.
1526 946 1547 987 I

23 1030 25 1037 '
88 1018 130 1070 ξ.
151 1018 232 1070 28,
265 1018 306 1059 3.
369 1017 509 1071 Quam
540 1033 642 1060 vero
673 1024 787 1059 arete
817 1015 1033 1058 Pindarus
1065 1032 1161 1057 cum
1192 1014 1408 1072 Delphico
1440 1021 1545 1056 teni·

88 1085 160 1142 plo
194 1085 374 1141 junctus
414 1085 569 1134 suerit,
624 1093 799 1143 apparet
839 1100 891 1126 ex
929 1083 1180 1140 insignibus
1220 1083 1464 1125 honoribus
1505 1089 1548 1124 et

87 1152 187 1194 vivo
217 1161 259 1195 et
298 1160 465 1196 mortuo
509 1153 578 1195 dei
618 1153 747 1209 jussu
792 1151 951 1194 habitis
990 1151 1080 1192 vid.
1123 1151 1313 1193 Boeelth.
1345 1150 1546 1192 Prooein.

88 1219 263 1278 Explic.
298 1238 341 1280 p.
378 1222 444 1263 17.
488 1246 542 1252 ——
602 1220 805 1263 Ceterum
841 1221 952 1261 hanc
993 1218 1045 1260 de
1075 1219 1262 1261 Hesiodi
1299 1225 1340 1261 et
1370 1218 1549 1260 Pindari

91 1287 289 1330 dialectis
320 1288 620 1348 quaestionem
661 1289 807 1348 potius
846 1286 1039 1330 delibare
1079 1303 1207 1345 quam
1248 1286 1301 1328 ad
1330 1285 1547 1343 liquidum

15 1348 27 1359 ‘¹
88 1355 323 1412 perducere
353 1357 588 1399 voluimus.

201 1423 249 1465 Si
278 1431 420 1467 tamen
451 1425 502 1466 de
536 1433 717 1483 utraque
756 1430 872 1465 recte
915 1422 1256 1481 disputavimus,
1306 1422 1549 1482 Delphicae

91 1490 264 1534 dialecti
305 1492 570 1551 proprietaS,
618 1507 728 1550 quae
770 1491 815 1533 in
843 1491 1201 1551 Amphictionum
1240 1491 1414 1534 decreto
1455 1507 1549 1550 spe-

90 1566 255 1612 ctatur,
296 1561 599 1619 antiquissima
632 1567 709 1602 est.
773 1560 937 1602 Eadem
967 1560 1116 1618 paullo
1147 1566 1246 1617 post
1274 1560 1435 1602 abolita
1467 1568 1549 1613 est,

92 1626 129 1669 si
158 1627 203 1668 in
234 1627 361 1671 titulo
392 1627 609 1687 Delphico
640 1644 707 1669 nr.
746 1628 854 1671 1690
896 1627 1094 1686 linguam
1123 1628 1312 1684 Delphis
1353 1644 1403 1670 eo
1443 1635 1550 1668 tem-

88 1711 193 1752 pore
224 1696 483 1738 familiarem
515 1712 755 1753 agnoscere
787 1703 970 1754 oportet.
1047 1695 1186 1751 Cujus
1225 1696 1376 1752 lingua
1415 1711 1550 1753 quum

89 1763 320 1804 transitum
350 1780 372 1805 a
404 1763 544 1806 media
564 1763 730 1805 Doride
761 1763 813 1805 ad
844 1770 1060 1805 recentem
1091 1763 1244 1822 prodat
1273 1762 1343 1818 (ut
1372 1764 1548 1819 τέτορες,

89 1829 365 1885 τετρώκοντα,
412 1831 716 1885 ἐβὸεμήκοντα,
765 1830 904 1880 ὀδελός
945 1839 987 1874 et
1027 1839 1174 1873 eontra
1202 1832 1356 1885 τρεῖς),
1403 1839 1450 1873 ut
1479 1846 1552 1872 ex-

91 1905 220 1940 eunte
251 1899 424 1941 saeculo
456 1907 607 1958 quarto
641 1899 828 1956 scriptus
859 1915 955 1941 esse
986 1899 1208 1952 videatur,
1256 1899 1375 1941 abest
1414 1898 1548 1956 quod-

90 1980 174 2022 que
203 1966 445 2024 Delphicae
475 1967 753 2028 proprietatis
782 1967 1042 2024 vestigium,
1085 1975 1131 2008 ut
1161 1967 1429 2009 accusativus
1462 1965 1543 2007 ὁδε·

91 2033 186 2081 λούς
216 2043 364 2088 sonat,
408 2052 494 2077 non
528 2034 685 2083 ὀδελός.
745 2035 838 2077 Nec
869 2035 1015 2077 minus
1046 2035 1312 2077 recentiores
1342 2033 1551 2091 Delphici

89 2098 208 2140 tituli
238 2117 416 2156 omncs,
462 2103 575 2144 inter
605 2119 716 2160 quos
748 2119 813 2144 ur.
852 2103 959 2146 1693
992 2119 1104 2144 anno
1134 2104 1217 2145 275
1248 2103 1438 2161 scriptus
1469 2109 1550 2150 est,

92 2166 277 2208 dialecto
333 2169 444 2212 nihil
492 2186 589 2212 cum
643 2171 825 2230 reliquis
872 2171 1286 2229 septentrionalibus
1333 2170 1550 2211 differunt.

89 2234 281 2276 Mutatae
320 2236 494 2280 dialecti
535 2255 705 2280 causam
745 2239 797 2280 ad
829 2239 1124 2281 Phocensium
1155 2256 1233 2298 per
1264 2254 1431 2280 sacrum
1461 2237 1552 2279 bel-

90 2303 180 2344 lum
211 2302 551 2347 dominationem
583 2323 668 2348 non
702 2315 862 2349 temere
894 2307 1112 2349 retuleris.
1186 2306 1369 2349 Rectius
1409 2313 1553 2346 tamen

92 2370 266 2419 Aetoli,
313 2371 388 2429 qui
430 2372 483 2414 ab
515 2373 587 2417 Ol.
623 2375 704 2417 140
740 2391 818 2432 per
857 2376 1040 2432 longum
1081 2383 1250 2431 tempus
1279 2373 1551 2430 Delphorum

91 2437 321 2495 imperium
359 2440 564 2481 tenebant
608 2441 716 2490 (vid.
756 2443 948 2484 Boeckh.
995 2442 1048 2483 ad
1091 2442 1142 2482 C.
1176 2441 1213 2482 Ι.
1257 2457 1323 2482 nr.
1358 2441 1468 2483 1694
1509 2448 1552 2483 et

21 2546 23 2551 ,
94 2505 292 2547 Curtium
323 2506 368 2548 in
397 2507 512 2550 Mus.
545 2508 686 2550 Rhen.
720 2510 831 2552 Nov.
866 2511 908 2551 11
949 2526 993 2567 p.
1029 2507 1159 2563 115),
1201 2508 1398 2565 linguam
1429 2524 1551 2550 suam

21 2575 23 2610 ἶ
92 2589 189 2617 cum
220 2574 404 2632 Delphis
436 2576 778 2619 communicasse
810 2577 1188 2620 existimabuntur.

204 2640 253 2696 6)
307 2643 596 2685 Insularis
627 2643 836 2699 Doridis,
868 2661 980 2703 quae
1011 2645 1056 2685 in
1082 2643 1349 2702 Sporadibus
1370 2644 1552 2688 Doricis

93 2708 331 2766 reperitur,
378 2710 568 2768 insignis
605 2712 787 2754 varietas
829 2719 910 2754 est.
986 2711 1201 2754 Universa
1239 2712 1285 2753 id
1321 2728 1550 2756 commune

95 2776 246 2828 habet,
280 2777 396 2835 quod
426 2778 480 2820 ad
509 2779 682 2821 vocales
713 2795 754 2821 εο
776 2779 927 2822 lonico
949 2795 1068 2822 more
1089 2781 1132 2821 in
1154 2796 1196 2821 ευ
1219 2780 1549 2838 conjungendas
