1779 3079
509 221 550 280 §.
587 221 632 270 5.
702 221 776 267 De
811 218 1069 283 digamma.
1447 217 1509 267 41

73 361 203 397 mant.
279 355 339 398 Ut
367 372 390 398 a
418 355 661 398 Laconibus
689 353 930 408 ordiamur,
976 354 1021 395 in
1058 353 1183 396 titulo
1212 370 1278 395 nr.
1312 352 1417 395 1511
1448 360 1514 394 est

72 424 166 464 Flu
182 440 265 464 ατι
293 423 323 464 ἰ.
354 439 391 465 e.
425 425 582 476 εἴκοσι,
632 421 811 479 reliquis
842 420 1027 478 antiquis
1056 420 1410 479 inscriptionibus
1438 436 1512 461 ne-

72 505 156 548 que
198 491 352 533 servati
390 506 529 548 neque
566 489 753 546 neglecti
790 488 1001 545 digamma
1044 495 1158 530 certa
1194 487 1374 544 vestigia
1413 488 1512 529 offe-

71 558 292 614 rentibus,
322 574 418 599 nam
447 557 490 598 in
521 573 587 598 nr.
622 558 673 599 15
703 556 948 600 Boeclzhius
976 556 1049 599 vix
1076 563 1190 599 recte
1222 555 1406 605 ἐὸήὸοΓα
1434 570 1514 613 pro

73 624 250 675 ἐδήδοκα
279 626 478 682 detegere
509 625 594 666 sibi
632 624 749 667 visus
789 632 867 667 est.
941 624 1152 678 Alcman,
1198 623 1272 680 qui
1312 622 1514 679 digammi

73 708 197 734 usum
227 693 370 751 potius
400 709 423 735 e
453 692 666 735 Laconica
695 693 876 735 dialecto
916 692 1097 751 arripuit
1135 707 1262 749 quam
1298 689 1361 740 (id
1401 690 1515 747 qnod

72 760 336 817 grammatici
374 761 657 815 arbitrantur,
703 760 790 802 vid.
831 761 886 802 L.
920 761 939 802 I
979 757 1018 817 ἓ.
1051 762 1103 814 2,
1141 761 1185 810 4)
1227 775 1280 801 ex
1318 757 1515 812 Aeolica,

70 827 282 884 digamma
311 828 537 886 scripsisse
564 829 746 871 traditur
774 828 819 869 in
865 829 919 870 fr.
953 829 1007 872 76
1036 828 1116 872 W.
1160 826 1209 868 τὰ
1238 825 1303 868 Ρά
1332 824 1458 866 κάδεα
1479 823 1515 881 2)

70 901 114 936 et
141 896 197 938 77
225 895 306 939 W.
344 896 497 939 ὃάΓιον
525 913 604 955 pro
637 896 750 946 δήϊον
772 899 822 948 3).
897 897 947 938 In
987 896 1149 938 similes
1192 894 1337 936 literas
1377 893 1517 935 abisse

69 962 240 1005 videtur
270 965 323 1005 fr.
357 963 412 1006 67
443 964 532 1017 (68)
574 981 627 1006 cx
655 965 805 1022 Apoll.
850 964 901 1006 de
946 981 1012 1023 pr.
1047 964 1154 1018 105,
1213 962 1288 1003 ubi
1326 978 1405 1020 pro
1449 963 1519 1002 καὶ

71 1032 136 1072 τοί
162 1029 195 1084 y'
229 1030 329 1079 ἅναξ
357 1031 467 1074 bene
497 1033 778 1074 restituerunt
805 1035 874 1073 καὶ
902 1035 965 1074 τοὶ
995 1031 1157 1085 Γάυαξ,
1204 1037 1246 1072 et
1274 1030 1328 1071 fr.
1360 1031 1414 1083 4,
1442 1028 1517 1071 uhi

69 1113 149 1157 pro
187 1097 363 1153 Εὐτείχη
404 1099 434 1140 τ’
467 1099 601 1140 ἄνακτ’
649 1099 1009 1142 Schneidewinus
1048 1097 1292 1156 suspicatur
1327 1096 1516 1139 Fo'cvaut’.

70 1165 241 1208 Deinde
280 1165 421 1208 hiatus
460 1167 671 1224 digamma
710 1183 733 1208 a
761 1172 887 1226 poeta
916 1166 1239 1225 pronuntiatum
1267 1172 1446 1207 testatur
1475 1165 1521 1206 in

70 1234 125 1274 fr.
170 1234 224 1275 34
270 1233 362 1286 (65)
407 1233 558 1289 ἐγώνγα
600 1235 762 1277 ἄνασσα
801 1242 843 1276 et
885 1235 937 1278 59
975 1237 1065 1288 (24)
1104 1234 1148 1276 τό
1193 1231 1269 1288 ἦρ,
1322 1241 1370 1275 ut
1405 1240 1521 1275 recte

75 1300 436 1343 Schneidewinus
467 1318 490 1343 e
519 1303 644 1345 libris
674 1303 890 1358 restituit,
937 1303 1091 1344 deinde
1128 1302 1354 1361 productio
1396 1301 1522 1358 sylla-

71 1368 149 1410 bae
177 1369 320 1410 finalis
349 1369 394 1411 in
424 1386 553 1412 unam
593 1378 898 1414 consonantem
937 1370 1132 1412 exeuntis
1168 1371 1222 1412 fr.
1257 1371 1307 1413 51
1350 1369 1440 1421 (48)
1481 1363 1525 1417 ὅς

73 1438 168 1478 ἑθεν
198 1443 240 1478 et
271 1437 324 1479 17
356 1438 447 1490 (26)
478 1439 696 1493 Κύπριδῦς
729 1443 862 1487 ἕκατι,
896 1454 1030 1496 quum
1059 1438 1184 1493 ἑκών,
1216 1442 1348 1489 ἕκητι,
1381 1440 1526 1487 ἕκηλος

72 1503 175 1545 olim
207 1504 419 1561 digamma
447 1506 650 1547 habuisse
682 1523 733 1548 ex
763 1507 953 1548 Homero
984 1513 1026 1548 et
1054 1506 1244 1548 Pindaro
1283 1505 1385 1547 satis
1424 1520 1525 1546 con-

73 1579 170 1613 stet.
243 1571 393 1614 Minus
425 1581 588 1615 certum
619 1574 827 1616 indicium
857 1574 1069 1631 digamma
1096 1574 1141 1616 in
1171 1573 1311 1615 media
1339 1588 1443 1615 voce
1474 1571 1526 1613 ab

72 1638 170 1697 ipso
200 1644 327 1697 po'eta
355 1641 623 1698 pronuntiati
653 1648 719 1683 est
748 1649 1024 1699 augmentum
1054 1642 1309 1699 syllabicam
1345 1640 1391 1681 in
1429 1639 1527 1688 ἔειξε

72 1707 128 1748 fr.
161 1707 218 1749 80
246 1707 354 1759 W.,
402 1708 503 1766 quia
539 1709 665 1750 etiam
703 1709 749 1751 in
779 1710 926 1751 Attica
963 1710 1144 1752 dialecto
1181 1715 1280 1767 post
1319 1708 1530 1765 digamma

74 1774 242 1832 pridem
273 1775 457 1830 ejectum
489 1775 646 1818 similia
676 1784 999 1832 remanserunt,
1030 1793 1274 1836 quanquam
1303 1783 1345 1818 et
1367 1781 1530 1817 certum

74 1848 141 1883 est
169 1842 370 1900 antiquos
401 1842 592 1885 Graecos
621 1847 755 1886 Γείκω
796 1845 957 1887 dixisse
987 1852 1029 1886 et
1057 1844 1316 1897 verisimile,
1358 1843 1529 1884 Alcma-

74 1924 174 1951 nem
213 1908 362 1958 ἔΓειξε.
458 1910 580 1964 Quae
617 1912 881 1956 Welclzerus
920 1913 1063 1954 minus
1105 1919 1219 1954 recte
1262 1913 1347 1953 huc
1383 1910 1530 1964 traxit,

75 1976 325 2019 omittimus.
413 1977 673 2036 Negleetum
716 1987 782 2023 est
819 1981 1032 2039 digamma
1075 1980 1122 2022 in
1160 1978 1274 2022 τοῦθ’
1315 1980 1437 2021 ἁὸεᾶν
1478 1978 1533 2022 18

76 2171 113 2199 et
144 2166 401 2209 grammaticus
437 2166 474 2200 in
498 2166 623 2201 Bekk.
651 2168 746 2201 Ann.
773 2169 862 2210 778,
889 2170 911 2203 9
943 2175 979 2202 et
1013 2167 1109 2201 Ann.
1137 2166 1238 2200 Oxx.
1275 2164 1345 2208 IV,
1377 2164 1464 2207 323,
1496 2164 1531 2197 3,

77 2222 150 2257 vid.
176 2223 220 2256 L.
236 2224 253 2257 Ι
279 2226 307 2267 §.
326 2225 346 2258 5
372 2230 448 2258 not.
471 2226 504 2259 2.

121 2282 158 2322 2)
208 2281 268 2314 Ex
293 2281 420 2325 Apoll.
449 2280 494 2314 de
519 2292 625 2325 pron.
645 2283 730 2324 136,
757 2280 818 2324 qui
843 2286 1034 2324 postquam
1061 2290 1261 2325 pronomen
1286 2277 1533 2324 possessivum

76 2337 175 2383 apud
202 2337 340 2371 Aeoles
366 2337 548 2381 digamma
572 2338 703 2373 instrui
738 2338 897 2372 monuit:
939 2339 996 2371 καὶ
1017 2336 1169 2378 Ἀλκμὰν
1199 2339 1342 2378 συνεχῶς
1364 2331 1535 2369 Λῖολὶίων

76 2396 156 2440 φησὶ
186 2393 241 2428 τὰ
273 2394 320 2427 ἔα
348 2394 506 2434 κάδεα,
551 2395 614 2430 ubi
642 2396 840 2430 Bekkerus
869 2403 905 2430 et
921 2396 1157 2432 ,Welckerus
1181 2395 1300 2428 minus
1325 2398 1425 2426 recte
1450 2401 1532 2425 cor-

79 2459 258 2487 rexerunt
279 2452 326 2485 τὰ
350 2450 437 2491 Feci,
464 2452 538 2486 vid.
564 2453 607 2486 L.
626 2453 643 2485 Ι
669 2453 696 2495 §.
716 2455 756 2494 5,
781 2455 813 2487 4.

125 2512 162 2553 3)
212 2510 330 2544 Prisc.
359 2510 377 2543 I
413 2521 448 2553 p.
474 2510 529 2543 22.
568 2509 719 2542 »Hiatus
754 2520 901 2552 quoque
934 2521 1041 2544 causa
1075 2509 1243 2543 solebant
1268 2506 1329 2541 illi
1365 2506 1533 2548 (Aeoles)

82 2568 320 2613 interponere
345 2567 529 2609 digamma
553 2568 592 2604 F,
632 2566 732 2608 quod
759 2567 955 2601 ostendunt
977 2567 1086 2601 etiam
1113 2572 1245 2611 poetae
1270 2563 1450 2598 Aeolidae
1476 2563 1533 2597 usi

81 2624 235 2668 (corrig.
262 2624 348 2663 uti)
375 2624 550 2658 Alcman:
577 2624 636 2655 καὶ
652 2626 756 2664 χεῖμα
779 2627 850 2670 πῦρ
875 2637 910 2657 τε
927 2624 1071 2658 δείΡιονκ
1100 2624 1144 2658 cf.
1162 2634 1200 2667 p.
1215 2624 1271 2656 21.
1319 2621 1406 2655 Alia
1430 2622 1531 2655 Aeo-

82 2682 239 2716 licorum
265 2687 455 2726 poetarum
481 2679 580 2725 apud
606 2680 837 2715 Priscianum
864 2682 1018 2717 frustula
1043 2679 1340 2725 corruptissima,
1378 2679 1415 2713 in
1448 2678 1532 2722 qui-

86 2738 153 2773 bus
178 2739 359 2783 digamma
384 2737 591 2783 reperitur,
629 2738 794 2773 Alcmani
822 2739 1012 2774 vindicare
1040 2737 1158 2772 conati
1185 2748 1308 2771 sumus
1345 2737 1424 2772 L.l
1464 2738 1531 2781 §.5

85 2803 159 2830 not.
185 2798 217 2831 5.
