1779 3079
232 203 325 254 136
764 205 837 250 De
872 202 1130 250 vocalibus.

230 338 428 381 minatur.
489 337 613 380 Talia
655 343 754 378 sunt
781 336 1058 389 πολεμαὸόκος
1087 335 1216 377 Pind.
1252 335 1324 378 Ol.
1356 335 1427 390 Χ,
1460 336 1511 378 13
1550 344 1592 378 et
1626 336 1671 379 in

231 407 442 449 cantilena
472 406 645 464 antiqua
659 404 931 447 Schneidew.
964 404 1064 446 Del.
1098 420 1142 462 p.
1161 403 1244 446 462
1273 418 1352 462 pro
1380 404 1672 458 πολεμοὸόκος,

229 472 534 528 πολεμηδόκος,
568 473 876 527 στεφαναφοριά
905 472 1033 514 Pind.
1069 472 1141 513 Ol.
1171 471 1307 525 VIII,
1339 471 1392 514 10
1421 487 1444 513 a
1475 487 1674 526 στεφανη-

232 539 390 594 φόρος,
426 541 759 596 στεᾳ-ανοᾳόροςς
804 539 1019 593 ἱεραπόλος
1049 539 1145 581 Gel.
1179 539 1340 580 Aearn.
1376 540 1500 594 1793,
1523 554 1570 592 εις
1603 539 1675 594 ὁρ-

230 609 414 659 κιατομεῖ
439 608 627 650 Timoer.
666 609 691 651 3
733 608 784 649 ab
825 607 1094 661 ὁρκιητόμος,
1140 606 1410 662 ὁρκιοτόμοςς
1456 605 1674 660 πολιάοχος

231 674 361 716 Pind.
396 673 469 717 Ol.
501 676 560 730 V,
592 676 645 719 10
672 691 751 734 pro
780 674 1023 730 πολιήοχος,
1059 674 1300 730 πολιόοχος,
1341 674 1457 731 quod
1484 674 1530 715 in
1559 678 1675 715 πολι-

230 744 352 797 οῦχος
381 744 669 798 contrahitur,
717 744 916 798 Θεαγένης
945 742 1219 798 Megarorum
1247 750 1470 798 tyrannus.
1531 741 1587 783 Et
1616 747 1674 783 ta·

228 808 310 862 lia,
341 826 450 867 quae
481 829 507 852 α
527 827 682 869 purum
707 811 889 860 habent,
922 809 1045 850 etiam
1064 809 1210 851 Attica
1239 817 1281 851 et
1308 809 1497 866 vulgaris
1526 808 1675 865 lingua

228 876 372 930 novit,
419 886 466 920 ut
503 878 828 933 βιβλιαγράᾳος,
870 876 1080 929 νεαγενής,
1130 876 1383 930 ἱεραᾳόρος,
1429 876 1566 918 rarius
1607 892 1673 929 ea,

229 959 410 999 quorum
441 963 467 986 α
497 960 582 986 non
614 954 679 987 est
706 960 892 1003 purum,
923 951 970 984 ut
1001 942 1247 996 νοθαγενής,
1285 943 1372 985 vid.
1403 943 1591 986 Lobeek.
1624 944 1676 985 ad

228 1011 394 1068 Plu-yn.
437 1029 481 1070 p.
513 1013 596 1055 655
627 1028 748 1069 seqq.
823 1011 985 1053 Eodem
1024 1011 1212 1068 pertinet
1250 1010 1494 1063 ἑκαταβόλος
1524 1011 1674 1064 pind„

230 1093 473 1135 quanquam
517 1078 763 1133 ἑκατοβόλος
805 1094 892 1120 non
934 1078 1172 1136 reperitur,
1219 1085 1262 1120 et
1303 1094 1374 1131 ea,
1420 1094 1528 1136 quae
1567 1078 1676 1119 miro

228 1145 410 1201 quodam
438 1146 686 1204 pleonasmo
717 1146 863 1188 Ioniee
893 1164 935 1199 η,
967 1146 1128 1188 Dorice
1153 1146 1219 1188 vel
1237 1146 1417 1187 Aeoliee
1441 1147 1466 1186 ἆ
1492 1145 1537 1188 in
1563 1161 1675 1187 eom-

227 1211 412 1254 missura
440 1214 624 1271 partium
652 1214 851 1256 inserunt
879 1215 954 1263 (ef.
989 1214 1174 1255 Loheek.
1209 1213 1261 1254 ad
1291 1214 1455 1270 Phryn.
1489 1230 1532 1270 p.
1553 1212 1674 1269 699),

230 1285 276 1319 ut
313 1280 579 1334 ὑπεράφανος
607 1282 765 1336 Pind.‚
809 1280 1021 1335 Εὐαγένης
1055 1281 1100 1322 in
1140 1281 1261 1322 titulo
1288 1281 1449 1323 Lesbio
1479 1280 1579 1322 Deli
1611 1297 1675 1323 re-

226 1355 376 1402 perto,
421 1365 552 1405 quare
594 1366 710 1392 nune
753 1348 982 1402 ἐπάβολος,
1027 1348 1078 1390 de
1119 1364 1204 1406 quo
1247 1349 1349 1390 olim
1389 1349 1675 1391 dubitavimus

227 1413 281 1454 L.
302 1414 322 1455 l
352 1415 392 1468 ξ.
414 1416 492 1470 13,
524 1418 574 1470 5,
618 1433 718 1460 vere
745 1416 973 1458 Aeolicum
1005 1432 1098 1458 esse
1121 1416 1380 1472 judicamus.

335 1514 431 1558 Jam
459 1534 560 1561 vero
590 1526 636 1561 ut
665 1519 708 1561 in
737 1518 806 1561 his
838 1519 1084 1578 compositis
1108 1519 1269 1562 Dorice
1292 1538 1316 1560 α
1343 1527 1407 1561 est
1425 1535 1503 1578 pro
1526 1519 1673 1563 lonico

229 1599 276 1631 η,
324 1584 439 1641 quod
483 1603 579 1629 eum
621 1605 641 1629 ο
681 1587 914 1646 permutari
955 1594 1120 1646 potest,
1165 1587 1222 1629 ita
1263 1587 1307 1629 in
1338 1587 1462 1629 tertia
1492 1604 1674 1645 persona

225 1648 389 1706 dualis,
421 1668 546 1711 quam
577 1655 689 1697 haud
720 1671 815 1697 raro
845 1655 889 1696 in
923 1672 966 1696 ον
994 1670 1073 1712 pro
1103 1673 1153 1705 ην
1182 1655 1298 1696 exire
1330 1662 1519 1710 constat,
1558 1663 1600 1697 et
1628 1657 1672 1698 in

225 1716 463 1775 adverbiis,
509 1738 616 1780 quae
647 1738 773 1782 saepe
805 1721 1124 1765 terminationes
1157 1724 1228 1773 δην
1258 1730 1300 1764 et
1331 1724 1401 1765 δον
1428 1724 1672 1781 promiscue

223 1784 410 1842 hahent>
457 1797 503 1831 ut
529 1790 657 1844 βάδον
688 1798 729 1833 et
759 1791 952 1844 ἔμβάὸην.
1028 1790 1133 1833 Inde
1162 1790 1342 1832 aliorum
1371 1791 1672 1833 vocabulorum

224 1855 491 1908 quorundam
521 1857 680 1900 Dorica
710 1859 886 1900 mutatio
916 1858 1176 1911 illustratur,
1209 1873 1317 1914 quae
1348 1858 1536 1915 alioquin
1568 1859 1673 1900 mira

226 1918 359 1962 videri
388 1924 540 1980 possit.
595 1925 828 1983 Compares
861 1924 1080 1974 δύστηνος,
1114 1925 1273 1966 Dorice
1306 1924 1500 1973 δύστανος
1532 1934 1573 1967 et
1604 1927 1672 1966 δι’·-

229 2002 369 2035 σῑοινος
410 2006 433 2030 a
476 1993 626 2045 στένω,
673 1994 824 2044 δῆμος,
870 1992 1032 2033 Dorice
1064 1993 1190 2043 δᾶμος
1223 2007 1318 2032 eum
1351 1992 1474 2044 δόμος
1514 2010 1536 2033 a
1568 1995 1671 2046 δέμον

224 2053 367 2106 (δόμος
407 2063 448 2098 et
478 2059 605 2110 δῆμος
645 2058 957 2115 significatione
996 2074 1082 2099 non
1119 2059 1207 2099 sere
1248 2059 1383 2115 magis
1428 2060 1673 2118 discrepant

224 2137 348 2178 quam
381 2122 493 2173 οἶκος
523 2133 564 2167 et
595 2125 803 2180 vicus),
849 2131 1062 2182 postremo
1092 2126 1271 2178 m]u›;2.a‚
1326 2126 1486 2169 Dorice
1517 2130 1672 2181 μίμᾶλα

224 2188 352 2231 Pind.
379 2191 450 2233 Ol.
479 2193 515 2246 Ι,
545 2194 600 2235 89
629 2209 651 2234 a
680 2194 808 2246 μέλω,
841 2191 953 2233 unde
985 2192 1219 2248 perfeetnm
1250 2194 1402 2245 μ.·-’μολα
1432 2195 1670 2251 legitimum

223 2264 349 2298 esset.
403 2258 524 2312 Quae
555 2260 768 2318 quomodo
799 2259 1049 2317 explicanda
1081 2259 1192 2312 sint,
1226 2276 1339 2303 nnnc
1358 2278 1562 2319 qliaerere
1582 2280 1668 2306 non

223 2332 354 2367 vacat.

333 2409 378 2465 ὓ)
436 2411 659 2454 Postremo
699 2414 800 2454 haee
842 2412 1038 2468 singula.
1086 2429 1194 2470 quae
1235 2415 1287 2455 ad
1318 2415 1435 2470 leges
1465 2413 1666 2470 quasdam

222 2493 421 2520 revocare
449 2494 535 2521 non
564 2479 689 2522 licet:

334 2562 514 2612 ἀέλιος
539 2563 695 2618 Pind.,
731 2563 890 2616 (ἒβέλιος
919 2566 1029 2622 apud
1064 2566 1292 2607 Cretenses
1323 2574 1364 2607 et
1390 2567 1666 2624 Pamphylios

221 2631 262 2682 ζ.
296 2630 349 2681 5,
381 2631 431 2683 5,
475 2630 604 2688 vulgo
647 2631 758 2680 ἅλιος
797 2632 924 2673 Pind.
959 2632 1119 2688 'sl-agg.
1157 2634 1264 2674 Plat.
1300 2633 1461 2690 Cratyl.
1508 2651 1550 2691 p.
1583 2635 1665 2677 409

221 2704 330 2750 εἷα,
373 2697 571 2739 Ἀλιάδαι
601 2706 640 2739 et
669 2700 890 2740 Summa!
919 2700 1058 2741 Rhod.
1093 2702 1228 2750 2525,
1261 2701 1313 2749 b,
1359 2702 1521 2742 ’-Ιλὲῖον
1560 2701 1588 2741 i.
1623 2718 1659 2742 e.

219 2765 365 2805 ἸΙλιόιν
395 2765 502 2819 ἱερόν
532 2766 643 2824 apud
676 2766 866 2808 Rhodios
898 2767 1092 2808 Eustatb.
1133 2767 1257 2817 1562,
1293 2768 1358 2808 57.
