1818 3108
271 205 340 254 VI

275 353 358 396 qua
396 337 535 379 studia
563 352 655 378 mea
690 335 887 392 privatim
917 334 1142 392 adjuvisti,
1194 349 1280 376 non
1321 333 1441 391 potui
1477 334 1582 375 mihi
1611 341 1713 375 tem-

273 443 446 486 perare,
488 427 593 485 quin
623 427 882 468 reverentiae
911 443 1028 469 meae
1059 434 1184 485 atquc
1214 425 1383 484 pietatiS
1414 425 1715 467 documentum

272 521 354 563 hoc
384 519 514 562 Tibi
545 518 807 574 dedicarem,
849 518 977 559 simul
1007 517 1302 576 quaesituruS,
1344 532 1446 558 num
1475 517 1585 558 hanc
1614 516 1716 558 altc-

274 627 363 653 ram
409 609 612 667 Corporis
665 609 770 650 Tui
818 608 1067 667 progeniem
1120 608 1436 665 suscipiendam
1481 607 1713 663 judicares.

274 702 426 760 Neque
461 701 639 759 despero
678 702 794 755 sore,
842 707 889 741 ut
925 699 1147 757 sanguinis
1187 699 1371 757 quodam
1409 715 1550 741 amore
1579 699 1716 742 vietus

273 793 475 849 filiolam,
522 794 725 851 pulchrae
763 791 887 834 matri
915 792 987 834 vix
1027 792 1376 850 comparandam,
1425 791 1539 834 nolis
1577 807 1717 850 asper-

273 883 380 925 nari.
469 883 610 924 Pauca
648 890 786 923 tamen
816 882 1072 939 praefando,
1124 898 1231 940 quae
1261 883 1384 940 plura
1413 892 1580 937 essent,
1632 882 1718 924 nisi

273 975 570 1018 molestissima
611 974 781 1016 dextrae
821 975 1019 1016 debilitas
1059 991 1111 1016 ex
1148 975 1312 1032 aliquot
1353 974 1573 1016 mensibus
1614 974 1717 1015 scri-

273 1067 404 1110 bendi
443 1067 631 1108 laborem
661 1082 793 1124 paene
824 1067 1133 1109 intolerabilem
1163 1068 1370 1120 efficeret,
1414 1065 1591 1108 infantis
1621 1081 1718 1107 eau-

274 1175 361 1201 sam
392 1174 517 1216 agere
546 1159 659 1200 haud
689 1159 877 1200 alienum
906 1159 1087 1202 videtur.

388 1250 573 1308 Operam
603 1250 649 1291 in
686 1251 764 1292 hac
793 1250 1063 1308 potissimum
1094 1251 1359 1309 antiquitatis
1394 1257 1511 1308 parte
1541 1250 1722 1292 colloca-

274 1350 358 1384 tam
388 1343 458 1384 vix
488 1358 595 1400 opus
626 1350 690 1385 cst
719 1360 937 1385 excusare.
1026 1345 1185 1386 Mirum
1226 1344 1340 1386 enim
1382 1343 1524 1401 potius
1555 1341 1722 1384 videtur

273 1443 315 1477 et
354 1451 489 1492 paene
529 1435 807 1491 incredibile,
852 1436 919 1477 his
958 1436 1134 1494 triginta
1172 1435 1319 1486 annis,
1363 1435 1519 1492 quibus
1558 1440 1722 1475 tantum

275 1529 405 1571 studii
435 1537 475 1571 et
504 1526 665 1571 laboris
695 1529 739 1570 in
768 1522 1043 1587 lingfuarum,
1085 1545 1164 1570 nec
1195 1529 1369 1570 minime
1400 1527 1615 1580 Graecae,
1656 1526 1720 1567 in-

277 1620 373 1662 dole
401 1619 701 1676 cognoscenda
739 1636 836 1661 cum
876 1620 1088 1661 uberrimo
1128 1621 1270 1661 fructu
1301 1626 1601 1675 consumptum
1639 1625 1720 1672 est,

278 1712 490 1754 neminem
521 1711 757 1761 exstitisse,
804 1711 878 1768 qui
916 1720 1014 1769 post
1042 1711 1264 1753 Maittairii
1293 1727 1399 1769 opus
1430 1709 1593 1752 Sturzii
1622 1724 1723 1751 cura

275 1803 468 1845 iteratum
518 1803 756 1844 universam
803 1803 854 1844 dc
894 1802 1072 1844 Graecis
1123 1802 1314 1844 dialectis
1368 1801 1603 1843 doctrinam
1656 1815 1722 1842 re-

276 1903 452 1936 tractare
485 1894 747 1950 dignaretur.
809 1894 962 1951 Neque
993 1894 1106 1935 enim
1143 1894 1205 1935 illi
1237 1894 1292 1935 ita
1322 1910 1409 1935 rem
1441 1900 1641 1949 egerant,
1676 1899 1724 1933 ut

279 2003 352 2027 sua
383 1994 516 2028 aetate
547 2002 698 2043 mag-na
727 1986 852 2027 lande
884 1985 1005 2042 digni
1034 1993 1202 2038 essent,
1252 2001 1416 2042 neque,
1456 1983 1619 2025 etiamsi
1649 1998 1723 2024 sex

277 2077 432 2117 abhinc
462 2076 641 2128 lustris,
673 2091 781 2132 quae
811 2073 1121 2127 exhibuerunt,
1153 2074 1352 2116 omuibus
1383 2072 1572 2115 numeris
1600 2070 1721 2113 ahso-

278 2170 367 2211 luta
389 2169 477 2210 visa
509 2177 669 2221 essent,
701 2167 773 2209 diu
803 2166 1049 2209 hominibus
1077 2166 1318 2207 satisfacere
1348 2172 1557 2223 poterant,
1589 2179 1720 2221 quum

279 2261 529 2319 gravissima
567 2261 698 2302 multa
738 2259 1106 2315 grammaticorum
1149 2258 1303 2315 scripta
1344 2264 1488 2315 postea
1525 2263 1596 2297 aut
1635 2254 1720 2313 pri-

279 2369 395 2394 mum
425 2360 495 2393 aut
526 2350 810 2392 emendatiora
842 2351 885 2391 in
916 2351 1053 2392 lucem
1085 2349 1227 2403 edita,
1272 2349 1464 2406 plerique
1494 2347 1720 2404 scriptores

281 2443 434 2484 Graeci
465 2442 703 2484 accuratius
735 2442 958 2495 recensiti,
1000 2441 1326 2498 inscriptionum
1356 2442 1578 2482 thesaurus
1607 2438 1721 2479 Tua

284 2548 411 2589 opera
458 2534 625 2574 tandem
664 2533 882 2584 reclusus,
943 2532 1074 2573 multa
1121 2532 1171 2573 de
1214 2532 1396 2586 singulis
1436 2529 1643 2588 sagaciter
1681 2536 1722 2570 et

285 2622 406 2663 docte
438 2622 678 2678 disquisita,
710 2622 893 2677 denique
926 2621 1163 2677 linguarum
1195 2621 1300 2661 ratio
1333 2619 1505 2661 ‹uiiuino
1537 2615 1721 2676 penitius

281 2712 476 2770 cognita,
509 2729 661 2755 noxam
692 2713 790 2755 huie
822 2712 926 2769 parti
958 2727 1127 2770 operam
1161 2711 1302 2752 navari
1328 2710 1542 2765 juberent.
1628 2706 1716 2749 Ne-
