1779 3079
1454 165 1498 191 ΙΧ

49 289 307 337 benevolos
361 288 560 334 lectores
607 292 880 332 excusatum
930 284 1178 344 volumus3
1248 283 1388 330 iidem
1434 284 1502 329 fa-

50 358 138 405 cile
176 358 464 420 perspicient
497 362 543 401 et
578 354 835 401 clementer
870 352 1210 398 condonabunt
1246 353 1504 399 incommo-

52 426 108 472 da
154 425 382 488 quaedam
430 422 539 468 inde
572 430 700 477 orta,
768 418 894 482 quod
939 427 1046 481 post
1089 419 1279 483 longam
1324 437 1503 465 moram

55 494 219 540 invitis
255 491 525 548 obtrusam,
597 506 690 552 quo
727 487 929 533 celerius
965 486 1054 531 hoc
1090 487 1313 533 volumen
1349 489 1398 533 in
1432 487 1505 533 lu-

54 580 151 608 cem
191 559 429 624 prodiret,
495 555 628 619 prelo
673 558 805 619 prius
850 556 918 600 uti
965 572 1300 617 coeperamus,
1363 574 1504 619 quam

54 638 204 675 totum
253 644 371 690 opus
423 625 692 671 absolutum
740 632 786 669 et
837 622 1123 685 perpolitum
1173 631 1314 668 esset.
1418 626 1506 670 Po-

53 705 225 742 stremo
272 696 442 739 iterum
490 711 514 738 a
558 692 787 737 librorum
842 691 1039 754 penuria
1077 689 1260 753 aliquid
1311 708 1507 737 excusa-

53 765 196 810 tionis
233 761 487 825 petendum
529 768 625 821 est,
700 758 827 804 haud
874 776 1078 821 paucos,
1142 757 1317 820 quibus
1354 759 1507 804 liben-

52 840 125 878 ter
168 847 282 876 usus
328 847 512 887 essem,
580 846 638 874 ne
679 828 1017 890 Gottingcnses
1066 826 1255 889 quidem
1296 826 1508 873 thesauri

55 898 446 962 suppeditarunt,
495 913 697 960 quorum
732 897 780 940 iu
814 911 1011 940 numero
1048 895 1259 940 Annales
1296 894 1509 941 instituti

52 965 418 1029 Archaeologici
467 973 573 1027 post
618 961 833 1010 a.·1857
884 963 1031 1009 fuisse
1079 961 1377 1009 mirabuntur
1426 965 1509 1027 qui

53 1034 277 1098 legerint.

191 1102 246 1146 In
272 1101 545 1164 Appendice
576 1100 842 1162 Epicharmi
867 1099 1230 1163 Sophronisque
1271 1099 1507 1163 fragmen-

58 1179 130 1228 ta,
190 1186 311 1232 quae
346 1169 536 1232 quidem
568 1170 777 1230 ipsorum
815 1173 1059 1229 poetarum
1097 1167 1238 1213 verba
1274 1167 1380 1229 plus
1414 1169 1510 1213 sin-

55 1237 166 1303 gula
202 1237 530 1293 continerent,
587 1236 775 1298 aliaque
812 1234 1132 1281 emendatiora
1172 1235 1507 1297 exhibuimu53

55 1305 230 1370 quibus
256 1306 609 1351 annotationem
636 1302 796 1366 paullo
829 1302 1102 1366 ampliorem
1136 1302 1342 1366 adjicere
1373 1321 1511 1366 opor—

57 1375 172 1432 tuit,
236 1374 347 1436 quia
396 1374 552 1418 minus
602 1390 741 1435 quam
808 1373 856 1416 in
907 1372 1046 1433 primi
1089 1370 1199 1416 libri
1249 1372 1511 1434 appendice

58 1440 398 1505 suppetebant,
465 1458 559 1504 quo
597 1439 943 1503 ablegaremus.
1051 1439 1171 1485 Nam
1210 1438 1511 1502 Epicharme-

57 1527 192 1556 orum
230 1508 449 1555 collectio
487 1509 886 1563 Hrusemaniana,
936 1506 1325 1569 Sophroneorum
1354 1509 1511 1554 Blom-

57 1577 276 1623 fieldiana
315 1578 364 1621 in
398 1593 654 1639 paucorum
702 1576 919 1621 manibus
965 1583 1076 1620 sunt
1122 1593 1276 1640 neque
1312 1575 1511 1622 idoneae

60 1662 161 1691 esse
204 1644 490 1690 videbantur
535 1643 708 1707 quibus
756 1661 841 1706 pro
890 1643 1201 1689 fundamento
1249 1650 1507 1690 uteremur.

58 1713 308 1759 Lectiones
344 1711 591 1770 codicum,
630 1730 653 1757 a
693 1713 869 1775 quibus
907 1711 1260 1757 emendationes
1298 1720 1511 1774 receptae

61 1782 275 1844 proxime
312 1779 515 1838 absunt,
571 1781 619 1825 in
659 1780 871 1843 margine
905 1780 1007 1826 sine
1044 1779 1281 1826 indicibus
1319 1780 1512 1826 adnota-

58 1850 242 1909 vimus3
313 1856 535 1894 accentus
581 1849 810 1894 rationem
861 1847 1110 1905 Doricam,
1182 1848 1229 1893 id
1281 1847 1409 1912 quod
1462 1851 1513 1894 in

62 1916 246 1980 reliquo
284 1915 404 1961 libro
447 1923 776 1979 praeterquam
815 1917 863 1960 in
900 1916 1236 1980 paradigmatis
1274 1934 1370 1963 non
1411 1919 1513 1964 ausi

62 2001 275 2042 eramus,
331 1985 468 2030 tacite
506 1985 818 2029 restituimus.

200 2051 254 2097 ln
291 2051 641 2097 Additamentis
672 2052 730 2097 ad
767 2060 1021 2115 utrumque
1059 2051 1234 2097 librum
1273 2070 1350 2111 ea,
1392 2071 1512 2116 quae

63 2121 301 2165 latuerant
337 2136 421 2165 nos
458 2137 482 2166 e
519 2119 670 2165 titulis
705 2128 751 2166 et
782 2118 917 2165 libris
950 2119 1025 2165 vel
1058 2119 1168 2166 olim
1207 2122 1411 2184 cognitis
1438 2121 1514 2167 vel

63 2205 169 2233 sero
206 2186 387 2246 allatis,
428 2205 523 2233 non
555 2187 769 2234 addenda
806 2189 1108 2247 censuimus,
1153 2189 1245 2234 nisi
1280 2197 1362 2234 aut
1392 2207 1512 2235 nova

63 2254 173 2301 inde
222 2263 504 2316 apparerent
560 2263 643 2301 aut
699 2254 841 2301 dubia
892 2257 1042 2319 magis
1097 2255 1506 2303 confirmarentur.

65 2322 297 2385 Alioquin
336 2324 458 2368 enim
499 2325 668 2386 ingens
700 2323 910 2370 locorum
945 2341 1171 2370 numerus
1202 2324 1512 2387 apponendus

64 2391 261 2449 fuisset,
334 2392 605 2452 praesertim
656 2409 679 2436 e
725 2392 935 2437 Crameri
981 2391 1335 2438 Anecdotorum
1384 2393 1511 2437 Pari-

65 2459 294 2504 siensium
342 2457 470 2502 Voll.
508 2458 598 2503 HI.
631 2459 700 2504 lV
744 2466 790 2505 et
826 2458 1160 2506 Choerobosco
1196 2459 1256 2505 ad
1293 2459 1511 2506 Theodo-

65 2527 124 2572 sii
161 2525 380 2573 canones
421 2524 494 2570 ed.
538 2525 791 2584 Gaisford,
851 2529 933 2591 qui
980 2526 1090 2573 libri
1140 2535 1246 2590 post
1295 2544 1511 2591 magnam

64 2592 212 2657 hujus
246 2592 499 2639 voluminis
540 2602 715 2656 partem
748 2595 1011 2641 absolutam
1050 2603 1095 2641 et
1131 2594 1386 2663 tyssothetis
1422 2604 1512 2641 tra-

67 2661 210 2707 ditam
249 2660 307 2706 ad
345 2678 430 2706 nos
475 2671 810 2723 pervenerunt.
897 2663 1065 2726 Neque
1102 2661 1425 2732 fieriiipoterat
1462 2672 1514 2709 ut

67 2728 280 2775 addenda
319 2737 365 2775 et
408 2729 685 2793 corrigenda
730 2730 934 2793 singulis
978 2731 1165 2794 paginis
1193 2731 1257 2776 ‘et
1296 2733 1512 2777 versibus
