1779 3079
253 160 355 210 368
480 159 522 219 §.
547 159 625 210 44.
677 161 751 207 De
779 158 1020 207 adverbiis
1043 159 1138 207 loci
1166 169 1212 206 et
1238 158 1487 222 temporis.

258 314 310 338 κα
342 296 445 346 θέλη
477 295 689 353 repetitur
718 294 748 336 i.
782 310 819 336 e.
863 310 969 352 quo
1000 296 1265 338 voluerit.
1341 295 1450 336 Item
1481 295 1594 353 apud
1622 295 1711 336 He-

257 365 454 422 sychium
484 379 563 421 pro
595 362 692 414 (2μύ
709 380 753 413 ς,
798 364 923 417 ὁμοῦ,
958 362 1030 404 σὺν
1063 362 1169 415 αὐτῷ
1199 364 1382 405 fortasse
1412 363 1630 421 corrigere
1658 362 1712 404 li-

258 439 325 473 cet
359 433 543 483 ἁμοῖς,
587 432 712 484 ὁμοῦ,
752 447 884 488 quum
919 448 958 472 οι
987 439 1029 471 et
1058 448 1081 471 v
1110 431 1223 488 apud
1255 430 1523 487 Hesychium
1554 429 1712 487 promi-

260 516 362 541 scua
395 500 498 541 sint.
560 499 610 540 In
644 499 837 553 ejusdem
868 500 1015 555 glossa
1045 499 1246 552 ὕςειμι,
1289 499 1376 539 ἐκεῖ
1401 499 1584 551 βαδίζω,
1628 496 1712 538 ini-

256 568 366 609 tium
395 567 597 608 mutilum
628 583 722 608 esse
748 568 941 621 videtui-3
973 568 1156 609 sortasse
1188 566 1331 616 κήιιοις
1363 565 1442 618 εἶμι
1471 573 1543 606 aut
1571 562 1712 614 τήνοις

258 635 338 688 εἶμι
381 635 589 692 scriptum
632 642 736 676 erat.
825 635 1022 676 Dubium
1064 651 1116 677 cx
1155 635 1273 676 omni
1311 641 1430 692 parte
1470 640 1536 675 est
1575 631 1712 684 ἀλλῦς,

258 704 377 762 quod
407 703 521 761 apud
551 703 884 760 Theognostum
914 703 1034 743 Ann.
1070 703 1184 743 Oxx.
1218 703 1286 755 ΙΙ,
1321 702 1429 754 164,
1462 701 1516 743 10
1555 697 1710 755 (ΒοΙίΙς.

259 770 390 826 1316)
432 771 543 812 inter
583 769 785 811 adverbia
823 769 869 810 in
899 786 946 817 υς
978 771 1178 811 exeuntia
1212 770 1307 811 sine
1336 768 1510 811 dialecti
1540 767 1609 810 vel
1640 781 1715 823 po-

258 839 425 881 tcstatis
457 838 777 894 significatione
808 844 1176 878 commemoratur.
1250 837 1396 878 Attica
1436 833 1638 877 adverbia
1668 832 1715 873 in
1773 829 1779 854 ⁵

260 924 299 948 οι
333 906 469 962 sigma
501 905 670 960 abjecto
702 921 756 946 ex
784 903 1105 961 antiquioribus
1135 904 1225 945 illis
1250 904 1425 958 formis,
1456 918 1562 962 quas
1580 901 1715 943 Doris
1775 914 1779 922 ¹

261 980 529 1026 servaverat,
574 980 672 1013 nata
703 988 798 1013 esse
829 978 1028 1029 apparet,
1071 987 1152 1012 nec
1182 989 1276 1022 ποι,
1320 972 1435 1030 quod
1466 972 1510 1012 in
1541 969 1715 1011 foedere

257 1041 526 1098 Argivorum
567 1040 729 1097 legitur
758 1040 900 1081 Thuc.
933 1038 993 1091 V,
1025 1040 1079 1081 74
1122 1041 1166 1080 αἰ
1204 1041 1249 1080 δέ
1274 1058 1347 1082 ποι
1382 1040 1595 1091 στρατείας
1627 1037 1713 1092 δὲῃ,

259 1108 630 1162 damnaverimus,
663 1124 796 1166 quum
828 1107 1031 1149 enclitiea
1059 1123 1143 1148 vox
1164 1107 1405 1150 breviorem
1439 1108 1618 1148 formam
1650 1105 1716 1146 fa—

258 1177 388 1220 cilius
419 1192 638 1219 assumere
679 1176 870 1234 potuerit
913 1177 971 1217 cf.
1011 1176 1115 1217 infr.
1148 1192 1215 1217 nr.
1250 1176 1317 1218 13.
1383 1174 1586 1216 Ceterum
1622 1172 1718 1219 ποῖς
1778 1179 1779 1189 ’

259 1261 283 1287 c
312 1245 415 1287 πόσε
445 1245 604 1286 factum
640 1243 990 1285 existimaverim.

372 1314 417 1363 8)
472 1311 764 1370 Frequentius
795 1312 864 1352 vel
895 1320 1283 1353 commemorantur
1313 1311 1383 1354 vel
1413 1312 1618 1368 leg-untur
1645 1308 1716 1349 ad-

258 1380 406 1424 verbia
438 1380 484 1421 in
516 1397 569 1434 ᾳ,
602 1396 710 1437 quae
742 1395 874 1438 quum
906 1380 957 1421 ab
989 1381 1228 1437 Apollonio
1252 1384 1284 1431 ⁷)
1309 1380 1434 1435 juxta
1464 1385 1592 1436 atquc
1622 1376 1717 1419 vul-

262 1449 379 1508 garia
410 1448 455 1489 in
485 1467 509 1505 ῃ
543 1449 686 1489 locum
724 1447 779 1488 in
819 1464 976 1504 quem
1017 1448 1262 1489 describere
1292 1449 1559 1498 reserantur,
1602 1443 1718 1485 haud

259 1533 357 1559 raro
387 1517 532 1558 locum
562 1515 655 1557 ubi
685 1515 879 1556 indicare
909 1515 1128 1557 videntur.
1200 1515 1354 1556 Itidem
1384 1513 1584 1556 adverbia
1615 1513 1660 1553 iu
1690 1531 1715 1568 ῃ

259 1584 375 1627 inter
418 1591 644 1642 utramque
684 1584 905 1626 notionem
945 1583 1147 1639 ambigua
1186 1599 1281 1625 csse
1322 1589 1488 1624 constat
1529 1589 1571 1623 et
1607 1580 1718 1622 Her-

260 1669 446 1694 mannus
476 1653 529 1693 ad
559 1653 714 1709 Eurip.
747 1653 879 1694 Here.
914 1653 998 1692 fur.
1031 1651 1140 1693 ‘1236
1171 1659 1212 1692 et
1242 1651 1294 1691 ad
1324 1650 1428 1709 vig.
1462 1666 1504 1707 p.
1536 1650 1619 1691 789
1648 1649 1722 1689 ποῖ

263 1727 306 1762 et
335 1723 392 1777 πῇ
421 1721 481 1761 ita
513 1720 685 1762 differre
717 1720 851 1773 dixit,
892 1726 939 1759 ut
970 1720 1045 1760 ποῖ,
1071 1726 1230 1761 motum
1259 1726 1404 1772 notet,
1446 1718 1520 1776 qui
1549 1719 1596 1759 fit
1624 1733 1718 1760 vcr-

263 1804 337 1829 sus
368 1788 558 1846 aliquem
588 1789 757 1841 locum,
788 1791 846 1844 πῇ
877 1787 1007 1829 simul
1037 1794 1079 1828 et
1108 1795 1268 1828 motum
1298 1788 1425 1829 talem
1459 1794 1501 1828 ct
1529 1785 1718 1844 quietem

262 1855 348 1897 isto
379 1857 425 1897 in
455 1857 579 1906 loco,
625 1872 710 1914 quo
742 1856 843 1914 quis
873 1855 1026 1896 tendit.
1086 1854 1179 1896 Nos
1211 1855 1473 1904 discrimen,
1509 1854 1625 1912 quod
1653 1853 1719 1893 in-

261 1924 444 1964 tercedit
473 1926 586 1965 inter
615 1925 763 1965 Attica
793 1925 865 1964 ποῖ
894 1931 936 1964 et
965 1926 1043 1978 πῇ,
1076 1922 1237 1964 Dorica
1267 1924 1362 1970 ποῖς
1394 1930 1435 1964 et
1464 1924 1538 1972 πᾷ,
1570 1920 1717 1978 paullo

264 1990 390 2032 aliter
420 1991 714 2032 definiendum
757 2005 982 2031 censemus
1022 1990 1110 2030 ita:
1155 1991 1229 2030 ποῖ
1256 1996 1297 2030 et
1323 1991 1417 2037 ποῖς
1446 1996 1608 2030 motum
1642 2003 1718 2029 no·

263 2064 380 2110 tant,
430 2073 515 2114 quo
545 2058 712 2115 aliquid
743 2057 795 2097 ad
833 2057 965 2098 alium
1009 2058 1151 2098 locum
1193 2057 1405 2111 defertur3
1467 2059 1524 2113 πῇ
1563 2063 1603 2097 et
1641 2058 1716 2110 πᾷ,

263 2141 538 2183 quorsus,
581 2141 730 2183 quani
763 2132 969 2181 partem
1001 2140 1216 2178 versus,
1264 2127 1374 2167 nach
1403 2125 1578 2166 welcker
1606 2125 1719 2166 Seite

263 2195 361 2244 hin,
394 2194 616 2251 regionem
642 2193 917 2246 describunt,
951 2209 1037 2250 quo
1068 2193 1235 2250 aliquid
1269 2208 1523 2235 conversum
1555 2198 1621 2233 est
1649 2191 1719 2233 vel

265 2277 397 2318 quum
429 2269 623 2305 movetur
652 2261 720 2303 vel
749 2277 883 2318 quum
918 2277 1043 2302 suum
1074 2262 1217 2303 locum
1257 2262 1526 2303 immutatum
1557 2266 1717 2301 tuetur.
1776 2284 1779 2293 ·

313 2458 345 2495 7)
395 2457 570 2502 Apollon.
603 2457 649 2490 de
682 2457 765 2492 adv,
791 2459 876 2498 625,
907 2459 959 2491 10.
1008 2455 1052 2489 τὰ
1087 2453 1144 2488 διὰ
1178 2456 1239 2487 τοῦ
1273 2456 1291 2498 ἢ
1327 2453 1415 2496 (leg.
1442 2455 1478 2499 ᾖ)
1513 2450 1716 2498 ἐκφερόμενα

265 2513 399 2560 τροπὴν
433 2516 566 2553 μᾶλλον
602 2513 665 2559 τὴν
696 2514 752 2548 διὰ
787 2519 849 2548 τοῦ
883 2517 907 2547 εἶ
940 2515 1177 2558 nugandi-[nau
1199 2512 1223 2557 ἤ
1248 2511 1310 2556 τὴν
1334 2510 1391 2544 dui
1419 2513 1483 2543 τοῦ
1505 2511 1563 2551 37,
1601 2509 1715 2555 πάντῃ

266 2571 403 2614 πάντᾳ,
441 2571 529 2619 ἄλλῃ
555 2572 648 2616 ἄλλᾳ
673 2573 761 2617 (leg.
790 2575 905 2615 παντᾷ
932 2582 964 2607 εἰ
990 2571 1118 2614 elligi),
1159 2570 1378 2613 quibuscum
1407 2567 1535 2601 confer
1570 2578 1604 2612 p.
1634 2568 1714 2608 616,
1758 2569 1774 2636 Ῠ

268 2632 330 2667 13,
358 2628 420 2662 ubi
447 2632 494 2675 πῇ
520 2638 555 2663 et
581 2642 614 2674 p.
634 2632 725 2673 624,
752 2633 806 2669 31,
833 2630 894 2664 ubi
922 2624 941 2675 ᾗ
970 2629 1087 2662 locum
1115 2629 1158 2662 in
1187 2638 1321 2671 quem
1347 2625 1561 2670 significare
1587 2624 1717 2657 dicun-

269 2693 340 2719 tur.
369 2706 411 2712 —
460 2688 516 2721 Et.
546 2688 590 2721 G.
618 2691 705 2727 464,
731 2691 786 2724 44.
838 2690 886 2731 πῆ
922 2705 962 2711 -
1002 2687 1031 2719 οἱ
1059 2688 1196 2733 Δωριεῖς
1231 2683 1289 2719 διὰ
1319 2687 1382 2718 τοῦ
1414 2686 1440 2716 ἆ
1463 2682 1539 2716 ἀντὶ
1563 2684 1624 2715 τοῦ
1650 2685 1719 2715 ποῦ
1758 2640 1770 2716 i

268 2743 290 2786 ἢ
317 2743 398 2776 πότε
425 2745 514 2788 (leg.
543 2750 607 2779 ποῖ
630 2746 649 2790 ἧ
675 2746 784 2788 πόσε).
1759 2730 1765 2798 ι’
