1779 3079
271 194 370 244 510
671 190 899 239 Addenda
933 200 980 239 et
1015 190 1328 257 Corrigenda.

271 330 383 390 ὦρος
412 332 465 374 de
495 346 646 374 somno
678 329 839 372 dictum
872 329 1246 386 suspectissimum
1289 337 1355 372 est
1394 328 1484 372 vid.
1516 329 1640 373 Neue
1667 331 1721 374 ad

271 402 434 458 Sapph.
480 401 535 441 fr.
568 400 638 442 39.
727 398 910 439 Rectius
954 398 1030 439 ille
1072 398 1351 456 pleonasmus
1387 398 1638 455 agnoscitur
1674 398 1719 440 in

270 469 376 522 ἅσφι
406 476 448 511 et
478 468 587 522 ἅσᾳιε
616 482 693 524 pro
727 483 802 519 σφι
831 474 874 507 et
906 482 982 518 σφε
1011 466 1101 508 vid.
1133 468 1174 520 ξ.
1208 466 1289 518 23,
1319 466 1361 508 6.

381 537 450 578 Pa
464 554 506 594 g.
541 535 622 578 109
667 535 698 576 l.
735 534 800 578 13.
872 534 1110 576 vocativus
1153 534 1294 588 νύμφᾶ
1332 534 1485 578 ultima
1526 540 1721 591 correpta

266 605 428 662 legitur
467 604 627 662 Sappb.
662 602 730 645 56.

379 671 508 729 Pag.
544 671 684 713 1111.
723 671 744 711 1
785 670 873 728 leg.
904 670 967 713 35
997 686 1076 728 pro
1107 670 1186 713 38.

377 767 432 772 —-
462 740 493 781 l.
517 740 560 781 4.
621 738 762 780 Aliud
792 739 1087 780 testimonium
1118 753 1234 779 nune
1264 737 1425 795 legitur
1449 736 1496 778 in
1516 735 1719 778 Anecdd.

267 809 388 850 Parr.
420 807 512 861 ΙΙΙ,
545 807 654 859 313,
686 808 755 849 25.
817 807 964 847 05050·
1011 803 1148 858 γενικὴ
1181 804 1391 854 Bormum)
1430 807 1498 846 καὶ
1523 804 1719 855 Λιόλική.

378 904 432 909 —-
476 892 549 916 nr.
583 875 626 917 4.
704 874 813 914 Item
859 873 903 913 in
943 872 1074 913 Delio
1119 872 1246 913 titulo
1291 880 1357 914 cst
1396 872 1555 914 αὕτοισι.
1593 880 1635 914 et
1674 873 1720 914 in

268 944 395 986 Cum.
438 943 547 985 3523
590 950 760 999 praeter
797 939 1027 982 articulum
1073 941 1158 988 τοῖς
1201 939 1373 999 plenior
1411 939 1544 982 dativi
1585 940 1722 982 forma

265 1019 420 1070 regnat
451 1011 604 1068 paneis
636 1008 819 1050 vocibus
852 1007 1059 1065 exceptis.

378 1079 508 1136 Pag.
545 1077 624 1120 115
668 1078 699 1118 l.
736 1077 802 1118 12.
878 1075 1097 1117 Malnmus
1139 1090 1256 1117 nunc
1305 1074 1456 1129 Ψάπφ’
1497 1091 1520 1117 e
1558 1074 1722 1130 Ψάπφα

264 1149 449 1201 sactum,
508 1148 618 1187 hane
658 1161 760 1187 vero
799 1144 984 1186 vocativi
1024 1144 1205 1185 formam
1245 1143 1420 1186 ultimae
1451 1143 1721 1201 correptione

263 1217 448 1276 quadam
478 1231 500 1256 e
540 1213 716 1266 ilsampoc
746 1220 881 1255 ortam
912 1211 1174 1253 existimare.
1249 1211 1404 1270 Neque
1441 1212 1558 1254 enim
1595 1211 1720 1254 aliter

264 1284 529 1342 Sapphicum
564 1279 675 1331 αὖα,
707 1281 825 1339 quod
852 1281 904 1322 ab
935 1281 1176 1338 Apollonio
1207 1280 1320 1321 inter
1350 1280 1621 1339 metaplasmi
1647 1296 1720 1322 cx·

263 1353 404 1411 cmpla
436 1352 639 1402 affertur,
670 1350 758 1391 vid.
792 1350 832 1402 ξ.
866 1350 947 1403 22,
980 1348 1031 1402 3,
1077 1348 1299 1390 vocativus
1329 1348 1448 1390 vocis
1481 1349 1590 1397 αὕως
1623 1363 1719 1391 csse

261 1422 458 1474 videtui-3
506 1435 602 1460 nam
644 1418 682 1459 si
726 1417 1018 1459 nominativus
1061 1423 1199 1466 esset,
1246 1432 1333 1457 non
1373 1424 1487 1459 recte
1515 1416 1719 1475 metapla-

263 1506 380 1532 smus
411 1494 736 1546 agnosceretur.
805 1485 1030 1527 Postremo
1060 1486 1244 1526 fortasse
1275 1482 1455 1537 Γύριννα
1486 1485 1598 1543 apud
1628 1485 1719 1527 Ma-

263 1559 427 1600 ximum
458 1555 644 1612 Tyrium
675 1570 752 1611 pro
788 1556 966 1606 J'vpluvw
996 1552 1159 1611 Sapph.
1185 1551 1239 1594 66
1271 1560 1313 1593 et
1343 1552 1415 1594 Et.
1438 1552 1501 1594 M.
1534 1552 1636 1607 243,
1668 1553 1717 1595 51

261 1643 285 1669 e
316 1624 512 1669 vocativo
544 1630 741 1681 correpto
773 1623 934 1664 factum
967 1628 1046 1663 cst.
1116 1620 1189 1661 Ad
1219 1620 1383 1678 primae
1414 1620 1719 1664 declinationis

261 1691 594 1737 similitudinem
625 1691 854 1732 transitum
887 1706 982 1732 esse
1011 1689 1206 1742 videtur,
1247 1688 1366 1746 quod
1403 1688 1559 1744 Ψάπφο
1592 1697 1633 1731 ct
1661 1689 1719 1731 si·

260 1762 380 1805 milia
424 1777 575 1820 parum
615 1759 870 1802 arriderent.
944 1756 1099 1816 Neque
1138 1764 1280 1798 tamen
1320 1757 1366 1798 in
1406 1764 1523 1800 tanta
1551 1757 1616 1800 rei
1645 1757 1717 1800 ob-

262 1832 466 1875 scuritate
511 1828 788 1887 pertinaciter
830 1826 1167 1869 Schneidewino
1213 1825 1437 1883 refragor,
1500 1826 1576 1884 qui
1622 1841 1719 1868 cum

260 1900 361 1942 aliis
391 1900 511 1957 ipsos
544 1897 835 1939 nominativos
875 1894 1049 1949 Ψάπᾳα,
1091 1893 1272 1949 Γύριννα
1312 1894 1425 1952 apud
1454 1894 1642 1936 Lesbios
1671 1893 1716 1934 in

260 1984 344 2011 usu
375 1968 514 2008 fuisse
544 1965 782 2007 contendit.

373 2036 502 2092 Pag.
536 2033 617 2075 ’116
647 2032 677 2073 l.
711 2032 781 2074 21.
844 2031 894 2071 ln
925 2029 1050 2070 titulo
1075 2027 1205 2069 Delio
1237 2027 1342 2078 (vid.
1379 2043 1508 2085 supra
1538 2027 1652 2084 adp.
1672 2028 1716 2079 7)

260 2104 487 2147 nominum
531 2102 576 2143 in
620 2117 669 2150 ης
710 2097 959 2140 exeuntium
1002 2095 1220 2154 genitivos
1262 2096 1424 2137 formae
1463 2102 1610 2137 notatu
1652 2095 1716 2137 di-

264 2172 499 2232 gnissimae
531 2170 730 2225 detegere
771 2165 898 2207 nobis
939 2164 1024 2206 visi
1064 2179 1240 2213 sumus,
1290 2162 1555 2213 Πολυδεύκη,
1600 2162 1717 2205 Εὐα-

260 2243 379 2296 γέμη,
425 2238 684 2291 “Ερμογένη,
730 2233 895 2283 Ἀ..η.
969 2231 1297 2274 Memorabilem
1328 2230 1374 2272 in
1406 2231 1582 2273 modum
1611 2247 1716 2274 con-

261 2309 370 2352 cinit
404 2304 778 2366 grammatIcorum
810 2301 861 2343 de
889 2300 1085 2341 dialectis
1107 2307 1381 2357 praeceptum
1412 2299 1517 2351 (vid.
1535 2307 1623 2341 not.
1642 2299 1711 2352 7):

262 2382 344 2420 τῶν
375 2378 548 2430 γενικῶν
578 2372 770 2414 πτώσεων
801 2368 897 2424 (τῶν
920 2370 975 2416 εἰς
1002 2368 1047 2416 Z}
1066 2365 1297 2421 ὀνομάτων)
1326 2366 1369 2407 ”td
1403 2366 1713 2421 ξὰφαιροῦσιν,

262 2444 491 2501 Σωκράτου
531 2450 612 2484 ete.
691 2438 821 2493 Quod
861 2453 992 2495 quum
1031 2451 1108 2493 per
1138 2451 1183 2477 se
1213 2435 1469 2477 incredibile
1500 2435 1556 2476 sit
1587 2450 1713 2492 quam

263 2515 473 2567 maxime,
506 2519 689 2553 attamen
722 2507 758 2549 si
789 2504 943 2548 Lesbii
975 2502 1178 2557 Σωκράτη
1211 2503 1442 2557 dixerunt,
1476 2501 1713 2560 genuinum

262 2589 539 2642 praeceptum
582 2578 626 2620 id
670 2576 807 2619 fuisse
853 2571 1117 2629 suspiceris,
1177 2579 1225 2612 ut
1263 2571 1446 2625 Acoles·
1473 2569 1711 2627 genitivum

264 2648 520 2693 nominativi
552 2647 690 2705 sigma
719 2644 886 2700 abjecto
919 2641 1058 2682 facere
1091 2639 1351 2681 dicerentur.
1413 2637 1584 2679 Deinde
1606 2636 1711 2678 satis

265 2717 490 2777 probabile
521 2715 720 2766 videtur,
772 2709 957 2754 Lesbios
996 2708 1275 2762 Ἑρμογένης,
1316 2706 1569 2760 (Ερμογένη,
1613 2705 1711 2755 ‘Ep-

265 2787 435 2840 μογὲνῃ,
482 2783 734 2836 ‘L'pgtoye'zogv
781 2779 954 2822 ssexissc
993 2775 1046 2818 ad
1085 2775 1325 2832 analogiam
1366 2773 1525 2831 primae
1565 2778 1607 2813 et
1646 2786 1709 2813 se-
