1779 3079
227 181 327 231 426
381 181 423 243 §.
441 182 519 232 50.
546 182 621 229 De
636 181 835 230 Doridis
855 197 1091 248 generum
1112 191 1158 230 et
1179 182 1452 246 specierum
1474 183 1675 250 origine.

225 318 339 361 thios
371 318 552 360 colonos
583 319 805 377 accepisse
835 326 997 362 certum
1028 326 1108 362 est.
1132 347 1185 353 —
1219 319 1385 361 Omnes
1405 325 1548 361 autem
1577 318 1677 361 illas

226 387 423 429 civitates
452 386 665 441 Dorieas,
711 404 891 446 quarum
931 388 1053 447 origo
1092 388 1144 430 ad
1173 387 1368 444 Argivos
1395 394 1468 428 aut
1496 386 1680 428 refertur

225 462 299 496 aut
328 454 556 497 referenda
588 471 685 498 esse
714 455 909 507 videtur,
956 457 1128 499 mitiore
1157 455 1339 498 Doridis
1381 470 1540 513 genere
1581 470 1679 496 usas

226 539 324 565 esse
372 524 500 566 niodo
546 539 600 566 ex
638 524 998 583 inscriptionibus
1043 524 1266 581 cognitum
1305 523 1513 565 habemus
1551 523 1679 565 modo

224 592 442 648 probabili
471 592 722 648 conjectura
753 593 1039 652 assequimur.
1099 592 1166 635 Ne
1187 592 1379 634 Creticas
1404 591 1582 650 quidem
1610 607 1680 633 ur·

222 659 327 714 bes,
373 677 484 718 quae
514 662 801 704 Althaemene
844 662 952 704 duce
991 661 1137 719 paullo
1177 668 1274 718 post
1307 659 1576 716 Megaridem
1613 675 1680 701 ca·

221 735 338 785 ptam
369 745 392 770 a
414 728 707 772 Doriensibus
729 730 956 786 Argolicis
986 729 1186 771 conditae
1215 744 1311 771 esse
1337 728 1552 781 seruntur,
1583 743 1682 769 cum

221 796 444 854 plerisque
478 798 764 840 Cretensibus
806 799 998 840 severius
1039 813 1177 855 genus
1215 812 1442 838 commune
1473 796 1680 840 habuisse

221 872 386 906 eertum
408 873 487 907 est.
549 865 705 923 Neque
735 866 850 907 enim
883 865 1059 908 disertis
1088 864 1350 907 testimoniis
1376 872 1570 918 constat,
1603 864 1679 922 qui

222 932 498 975 Cretensium
528 935 738 991 Argivam
769 934 984 991 originem
1009 932 1296 990 jactaverint,
1329 940 1372 975 et
1393 932 1680 990 Polyrrhenia

220 1009 347 1058 atquc
378 1001 556 1060 Lappa,
603 1019 712 1060 quae
744 1003 903 1061 oppida
934 1002 1155 1045 Hoeckius
1196 1001 1239 1043 II
1277 1018 1323 1059 p.
1354 1001 1452 1044 438.
1485 1000 1569 1043 440
1597 999 1676 1042 Al-

218 1070 438 1111 thaemeni
468 1071 684 1113 conditori
714 1072 937 1114 vindicare
967 1070 1160 1125 studuit,
1192 1071 1377 1113 fortasse
1397 1068 1567 1112 mitiore
1587 1068 1676 1112 Do-

218 1138 311 1181 ride
342 1139 574 1184 utebantur
604 1139 691 1183 vid.
725 1140 766 1195 §.
799 1141 883 1196 49,
915 1141 957 1183 4.

326 1275 650 1318 Messeniorum
681 1291 761 1317 nec
794 1274 938 1317 minus
960 1273 1279 1317 Messaniorum
1308 1273 1355 1315 in
1381 1273 1535 1316 Sicilia
1560 1273 1679 1316 tituli

218 1343 430 1386 Doridem
462 1345 677 1387 mitiorem
712 1344 943 1399 exhibent,
976 1343 1053 1386 sed
1078 1343 1130 1384 de
1157 1343 1348 1401 genuina
1377 1342 1552 1385 illorum
1586 1342 1679 1384 dia-

217 1414 329 1455 lecto
359 1413 602 1470 paullulum
635 1413 827 1455 dubitari
847 1428 974 1471 posse
999 1411 1302 1453 indicavimus.
1365 1411 1676 1468 Spartanorum

217 1482 410 1524 severior
440 1482 574 1525 Doris
619 1491 686 1526 est
724 1491 767 1525 et
805 1482 953 1524 eadem
992 1481 1038 1522 in
1070 1481 1197 1523 Creta
1229 1480 1501 1533 dominatur,
1549 1495 1678 1538 quam

216 1551 364 1608 paullo
394 1558 494 1608 post
522 1551 785 1594 Laconicam
816 1549 1151 1593 aDoriensibus
1183 1557 1347 1606 captam
1379 1547 1545 1589 incolas
1576 1547 1679 1589 inde

216 1619 440 1676 accepisse
479 1628 677 1670 narrant,
725 1619 993 1673 Dorienses,
1039 1619 1215 1675 Minyas
1259 1624 1301 1658 et
1342 1617 1544 1657 Achaeos
1586 1615 1674 1657 vid.

216 1688 384 1729 Hoeck.
419 1688 462 1729 ll
493 1705 535 1746 p.
567 1690 667 1732 418.
730 1688 972 1746 Praecipue
1004 1687 1189 1744 Lyctum
1221 1702 1243 1726 a
1275 1685 1498 1743 Spartanis
1530 1683 1678 1726 eondi-

218 1764 303 1797 tam
341 1772 438 1798 esse
480 1758 712 1799 affirmatur
751 1758 782 1799 l.
816 1757 846 1799 l.
888 1773 932 1814 p.
965 1757 1076 1810 431,
1122 1763 1164 1796 et
1215 1753 1471 1812 oppidorum
1504 1752 1677 1794 nomina

217 1825 329 1866 haud
362 1841 498 1883 pauca
527 1826 772 1868 Laconicae
803 1834 844 1867 et
875 1824 1030 1866 Cretae
1069 1823 1338 1876 communia,
1384 1821 1678 1862 institutorum

216 1900 261 1933 ct
290 1909 456 1935 morum
490 1894 678 1951 insignis
717 1893 988 1945 similitudo,
1034 1891 1116 1932 alia
1146 1891 1279 1932 inulta
1310 1890 1534 1932 arctiorem
1565 1889 1678 1929 inter

218 1960 418 2003 Lacones
450 1970 492 2004 et
524 1965 758 2006 Cretenses
792 1961 1095 2017 cognationem
1125 1965 1327 2015 arguunt.
1360 1981 1413 1986 —
1443 1957 1505 1997 At
1533 1956 1677 1998 Melus

217 2037 261 2071 ct
292 2029 464 2084 Thera,
504 2046 685 2087 quarum
715 2030 761 2069 in
791 2030 934 2071 titulis
966 2028 1112 2069 mitior
1141 2025 1273 2068 Doris
1304 2033 1506 2082 apparet,
1548 2024 1677 2082 Spar·

218 2106 416 2140 tanorum
448 2113 494 2139 se
523 2097 717 2138 colonias
747 2112 843 2139 esse
875 2112 960 2138 non
990 2096 1127 2137 multo
1157 2102 1255 2152 post
1285 2094 1489 2135 Doricam
1518 2092 1678 2150 migra-

218 2167 379 2208 tionem
411 2165 605 2208 conditas
630 2166 867 2221 jactabant.
929 2165 1071 2205 Erunt
1094 2163 1168 2222 qui
1189 2163 1449 2204 severiorem
1468 2160 1679 2203 Doridem

220 2235 272 2276 ab
303 2235 371 2276 his
404 2235 655 2276 derelictam
695 2250 792 2275 esse
823 2233 1095 2285 existiment,
1140 2231 1394 2289 praesertim
1425 2245 1559 2287 quum
1591 2228 1679 2286 Cy-

220 2303 397 2358 renaei,
443 2303 739 2346 Theraeorum
780 2302 952 2352 coloni,
999 2301 1074 2343 illa
1118 2300 1188 2341 usi
1231 2299 1332 2341 sint.
1407 2297 1592 2340 Nosmet
1627 2312 1678 2338 eo

220 2372 367 2414 minus
407 2372 650 2427 credimus,
700 2372 815 2429 quod
854 2370 1147 2411 Theraeorum
1186 2368 1339 2426 lingua
1375 2374 1540 2408 tantum
1580 2381 1676 2424 pro-

222 2441 418 2500 prietatis
438 2441 589 2494 babet,
623 2448 670 2482 ut
699 2440 751 2481 ab
783 2439 868 2480 alio
899 2439 1060 2496 populo
1091 2437 1213 2478 nullo
1246 2442 1418 2493 accepta
1450 2449 1547 2476 esse
1579 2448 1677 2491 pos-

224 2511 294 2552 sit.
357 2509 511 2567 Neque
552 2516 618 2550 cst
658 2524 736 2549 cur
767 2507 915 2550 Meliis
958 2514 1000 2548 ct
1027 2506 1240 2547 Tbcracis
1271 2502 1507 2561 antiquitus
1538 2500 1678 2542 mitio-

222 2594 312 2620 rem
342 2577 555 2620 Doridem
585 2576 840 2619 familiarem
871 2575 1010 2617 fuisse
1043 2590 1269 2631 negemus.
1340 2571 1533 2629 Utraque
1563 2568 1678 2611 enim

223 2647 393 2688 colonia
426 2662 513 2688 non
546 2646 597 2687 ab
629 2646 737 2703 ipsis
770 2643 994 2702 Spartanis
1024 2643 1196 2684 condita
1238 2648 1329 2693 cst,
1375 2640 1413 2681 si
1452 2637 1677 2680 audiamus

224 2715 512 2757 accuratiores
552 2713 851 2766 narrationes,
898 2711 973 2753 scd
1014 2727 1036 2752 a
1067 2709 1232 2767 Minyis
1269 2716 1311 2750 ct
1341 2705 1554 2759 Achaeis,
1600 2703 1675 2761 qui
