1779 3079
231 202 327 251 120
767 201 841 247 De
870 197 1130 247 vocalibus.

231 340 381 396 sych.,
434 352 618 396 quocum
661 336 856 378 conferas
897 335 1088 391 ejusdem
1132 334 1320 391 glossam
1360 334 1488 388 ὄναρ,
1545 335 1678 388 ὄναρ,

231 406 386 449 deinde
418 408 570 447 σαλιά
600 411 706 446 teste
727 403 947 461 Hesychio
975 401 1188 445 Laconice
1217 417 1297 459 pro
1327 404 1476 457 θολιάε,
1508 402 1680 455 κάρῥα

232 474 376 516 Alcm.
407 472 463 515 70
492 473 672 514 fortasse
701 487 780 529 pro
811 471 967 527 κόρση,
1015 470 1100 512 vid.
1135 469 1175 522 ξ.
1211 470 1261 511 13
1301 477 1390 510 not.
1423 470 1464 510 4.
1524 469 1680 511 Doridi

231 557 318 582 non
359 540 582 599 proprium
621 547 686 581 est
726 539 905 587 ἅστακος
935 538 1089 596 Epich.
1124 537 1191 579 13.
1225 537 1295 591 17,
1340 553 1449 595 quae
1489 544 1554 579 est
1590 537 1681 579 vnl-

231 608 346 665 garis
391 609 527 650 forma
564 607 700 649 Attici
749 607 938 654 ὅστακος.
1014 604 1130 647 Male
1174 605 1256 644 ὑπά
1299 605 1345 646 in
1382 605 1503 646 Ann.
1543 604 1679 646 Bekk.

231 692 274 734 p.
306 675 417 729 928,
451 677 501 717 15
533 675 833 727 Δωρικώῑερυν
863 681 1060 725 vocatur,
1092 688 1225 730 quum
1255 672 1311 713 sit
1339 672 1609 714 Lesbiacum.

346 744 391 793 2)
434 743 608 785 Inversa
637 741 870 783 mutatione
901 759 920 782 υ
952 756 1049 797 pro
1081 758 1105 780 α
1135 740 1246 797 apud
1275 740 1513 781 Dorienses
1544 746 1609 781 est
1638 738 1682 780 in

230 811 446 866 τέτορες
487 826 564 868 pro
601 811 827 863 τέσσαρες,
873 823 980 864 quae
1019 823 1071 848 ex
1108 808 1282 865 antiqua
1320 809 1455 849 forma
1484 808 1683 860 τέτΓαρες

231 885 328 920 nata
358 886 486 933 sunt5
540 877 784 929 κόθαρος
813 874 987 916 Heracl.
1020 875 1066 927 Ι,
1098 875 1149 916 55
1179 890 1259 932 pro
1287 874 1478 927 κάθαρος
1519 882 1561 916 ct
1593 874 1682 916 ἇν-

233 947 568 998 κοθαρίοντι
596 944 643 998 Ι,
676 944 729 986 81
762 959 839 1001 pro
872 941 1215 996 ἄνακαθαροῦσι,
1247 941 1292 982 in
1322 941 1478 998 quibus
1507 949 1684 999 propter

230 1013 418 1056 radicem
461 1011 722 1054 Sanseritam
764 1009 902 1068 cudh
945 1009 1229 1067 (purificari),
1275 1024 1406 1066 quum
1448 1025 1474 1049 u
1511 1008 1683 1050 facilius

231 1081 277 1122 in
310 1097 329 1122 ο
368 1095 494 1136 quam
528 1080 572 1120 in
604 1097 628 1120 α
659 1083 874 1127 transeat,
922 1077 1111 1119 vocalem
1143 1095 1162 1118 ο
1195 1076 1478 1133 antiquiorem
1510 1083 1684 1134 putave-

230 1147 312 1191 rim
342 1153 384 1188 et
415 1165 439 1187 α
469 1146 565 1188 idco
607 1153 894 1203 assumptum,
944 1144 1058 1202 quod
1101 1144 1361 1201 praepositio
1399 1143 1503 1184 κατά
1540 1144 1684 1186 inesse

230 1214 472 1269 videretur3
507 1213 720 1267 ἆνεπιγρ
737 1213 756 1254 ό
772 1231 797 1266 ᾳ
815 1230 844 1252 ω
860 1230 877 1260 ς
907 1211 1081 1253 Hcracl.
1104 1212 1141 1266 I>
1166 1212 1242 1264 36,
1275 1227 1518 1269 quanquam
1534 1211 1682 1265 γράφω

231 1289 273 1325 ct
303 1282 348 1324 in
378 1282 559 1340 reliquis
591 1281 783 1323 fontibus
813 1287 855 1321 et
883 1280 928 1321 in
958 1279 1114 1320 tabulis
1146 1279 1507 1321 Heracleensibus
1539 1298 1564 1320 α
1596 1295 1682 1320 ser-

229 1357 300 1392 vat
322 1353 354 1399 1)
387 1350 571 1404 (γράφων
601 1349 645 1390 in
676 1348 874 1390 columna
903 1346 1036 1389 Melia
1068 1347 1118 1389 C.
1143 1347 1178 1389 I.
1211 1348 1320 1389 nr.3
1350 1346 1682 1388 incertissimum

231 1425 322 1470 est,
368 1417 634 1467 tolerabilius
664 1415 949 1470 ypospezssoavw
979 1415 1022 1456 in
1056 1414 1217 1456 recenti
1256 1414 1380 1456 titulo
1410 1414 1575 1470 Argivo
1613 1430 1681 1455 nr.

232 1485 341 1527 1125
371 1501 457 1526 non
487 1484 648 1527 Dorice
677 1484 883 1541 scripto),
928 1498 1058 1540 quare
1100 1489 1273 1540 propter
1303 1481 1562 1524 Doricorum
1592 1497 1684 1523 ver-

228 1552 382 1594 borum
421 1552 586 1605 τράπω,
634 1552 780 1606 τράᾳω
812 1558 893 1592 etc.
937 1550 1174 1607 analogiam
1206 1551 1427 1603 ἐπίγροᾳος
1455 1550 1683 1590 formatum

229 1619 399 1661 videtur
429 1628 474 1661 ut
504 1621 745 1674 ἐπίτροπος,
777 1618 962 1672 τρύφος,
993 1624 1209 1675 postremo
1244 1616 1444 1670 ἀβλυπές,
1479 1616 1679 1670 ἀβλαβές·

230 1690 392 1739 Κρῆτες
434 1688 656 1744 Hesych.‚
713 1686 786 1728 ubi
827 1686 883 1727 ls.
917 1684 1103 1726 Vossius
1140 1685 1358 1726 literarum
1400 1685 1550 1726 ordine
1589 1700 1684 1726 sua-

230 1755 356 1796 dente
388 1755 574 1797 correxit
605 1755 841 1808 dssaosse'g.
902 1753 1058 1794 Doridi
1090 1768 1175 1793 non
1204 1752 1426 1809 proprium
1448 1759 1513 1793 est
1530 1752 1683 1807 μολόχα

230 1822 384 1880 Epich.
420 1822 501 1865 104
528 1812 607 1880 p'ro
637 1822 785 1864 Attico
813 1820 997 1875 μαλάχη,
1040 1820 1125 1863 vid.
1158 1820 1320 1861 Athen.
1352 1820 1422 1872 11,
1454 1819 1521 1862 58.
1555 1819 1596 1860 d.

343 1891 387 1941 3)
451 1906 468 1930 ε
498 1906 593 1948 pro
627 1908 640 1930 ι
677 1897 742 1930 cst
777 1889 822 1930 in
853 1887 1088 1937 Σεκυών,
1136 1903 1221 1945 quo
1250 1887 1423 1928 nomine
1454 1885 1683 1943 Sicyonios

231 1956 349 2014 ipsos
373 1958 521 1998 urbem
544 1973 663 1998 suam
686 1956 922 2014 appellasse
945 1953 1073 1995 tradit
1093 1954 1302 2011 Apollon.
1322 1954 1373 1994 de
1395 1954 1487 1994 adv.
1521 1970 1565 2011 p.
1581 1955 1680 2008 555,

230 2030 272 2065 ct
302 2032 366 2065 est
395 2024 439 2065 in
470 2024 655 2065 nummis
680 2024 804 2065 modo
825 2027 917 2062 ΣΕ.
943 2021 1067 2062 modo
1092 2025 1190 2070 27„
1223 2021 1308 2062 vid.
1330 2020 1499 2063 Mionn.
1523 2020 1679 2079 Suppl.

230 2090 294 2132 IV
325 2108 367 2148 p.
392 2092 486 2133 161.
543 2091 775 2148 Conspirat
804 2088 1075 2145 Hesychiana
1105 2088 1248 2144 glossa
1285 2088 1542 2129 σεκουάνα
1573 2092 1683 2139 (cor-

231 2158 458 2214 rigendum
497 2159 664 2200 videtur
705 2156 899 2209 σξκούα),
949 2155 1098 2204 σικύα,
1145 2171 1271 2212 quam
1300 2155 1558 2196 Laconicam
1589 2172 1683 2199 csse

231 2243 253 2266 υ
283 2226 327 2267 in
362 2243 407 2267 ov
439 2233 645 2267 mutatum
675 2224 844 2282 prodit,
883 2231 925 2264 et
956 2222 1218 2271 σεκυυιὲιή
1249 2223 1336 2275 (Ἱ),
1384 2224 1522 2271 ἐλαίας
1551 2223 1681 2272 εἶδος·

230 2293 458 2345 Λάκωνες,
504 2293 619 2351 quod
659 2293 776 2334 oleae
816 2307 953 2348 genus
995 2307 1018 2332 a
1056 2290 1238 2348 peponis
1269 2290 1550 2332 similitudine
1581 2307 1683 2349 qua-

231 2360 328 2404 dam
359 2361 618 2418 appellatum
648 2360 828 2402 videtur.

346 2428 505 2469 Contra
545 2447 559 2469 ι
598 2444 692 2486 pro
736 2444 753 2467 ε
792 2427 933 2468 Dorcs
975 2432 1015 2466 et
1047 2424 1297 2465 nominatim
1329 2425 1467 2467 Siculi
1496 2426 1682 2483 primum

233 2510 329 2535 cum
371 2495 548 2537 Ionibus
590 2511 812 2538 commune
857 2492 1056 2534 habuisse
1101 2492 1326 2534 traduntur
1367 2493 1410 2534 in
1456 2496 1599 2535 ἱστία
1642 2502 1684 2536 ct

281 2712 314 2749 l)
365 2710 528 2743 Lacones
555 2712 748 2752 γριᾳᾶσθαι
774 2718 840 2750 pro
874 2706 1014 2749 γράᾳειι·
1038 2705 1179 2739 dixisse
1206 2707 1397 2739 traduntur
1421 2703 1466 2736 ab
1494 2703 1683 2747 Hcsychio

232 2776 264 2799 01
292 2768 442 2809 antiquo
471 2768 636 2800 technico
661 2766 756 2810 apud
786 2765 933 2798 Eusuuh
978 2766 1081 2803 1920,
1110 2766 1163 2797 57.
