1779 3079
218 220 321 268 200
769 221 843 268 De
873 218 1133 268 vocalibus.

221 356 340 399 milia
370 373 449 415 pro
478 358 732 411 γεωμέτρης,
763 357 993 412 γεώμοροι,
1023 356 1223 412 γεωργός,
1257 373 1391 417 quum
1420 365 1462 400 et
1490 357 1669 401 Ionico-

221 424 414 467 Attieum
452 441 528 479 γεω
570 433 612 468 et
650 425 856 468 Doricum
900 432 950 480 γᾶ
989 442 1042 468 ex
1079 426 1257 484 antiquo
1296 442 1397 480 yae,
1442 442 1535 479 γαιο
1575 435 1671 467 nata

221 507 318 534 esse
347 492 587 535 videantur.
658 493 785 535 Licet
823 501 964 535 tamen
999 494 1044 535 in
1075 493 1165 537 illis
1196 493 1406 535 Doricum
1436 495 1487 546 γᾶ
1514 507 1592 550 pro
1619 511 1668 546 γη

218 560 439 617 accipere,
487 577 620 619 quum
650 560 795 602 Attica
835 577 1007 619 quoque
1049 569 1090 603 et
1120 561 1268 604 Ionica
1308 560 1457 619 lingua
1498 559 1543 601 in
1573 560 1671 602 aliis

218 635 401 685 utraque
432 627 759 686 compositionis
790 629 955 671 ratione
987 636 1153 683 utatur,
1199 636 1246 670 ut
1285 628 1496 683 γεώλοφος
1527 635 1569 670 et
1596 627 1671 681 γή-

220 700 363 749 λοφος.
426 696 540 737 Tum
570 697 772 751 γαμέτρης
802 705 916 739 esset
944 712 1020 755 pro
1050 697 1274 750 γημὲτρας,
1307 696 1442 738 forma
1473 695 1668 750 insolita,

219 763 294 806 sed
324 763 562 820 analogiam
594 771 805 806 servante.

1768 722 1770 731 κ
1768 696 1771 710 «
1767 504 1774 688 ἶ-«ψ-ς-ιᾼ-ν-
1768 393 1777 486 m*-

334 848 504 891 Similia
534 856 635 890 sunt
654 849 883 898 Λασθένης
913 855 955 889 et
982 848 1192 902 Λαφάνης
1222 849 1383 891 Acarn.
1413 849 1546 903 1794,
1577 853 1673 890 Λα-

217 915 370 969 βώτας,
404 917 588 965 Ααδίκα,
618 915 850 969 Λακράτης
879 922 921 957 et
943 915 1026 957 alia
1048 915 1333 958 Doriensium
1355 915 1529 958 nomina
1561 915 1668 966 (vid.

215 983 342 1041 Papii
380 984 490 1025 Lex.
533 982 736 1040 Nn.Pp.)
779 998 802 1024 e
840 984 1097 1034 Λαοσθὲνης
1133 999 1212 1041 pro
1252 984 1404 1026 Ionieo
1443 990 1485 1025 et
1522 983 1672 1026 Attico

216 1051 471 1101 ..4εωσθεύης
498 1058 599 1104 εἴα,
630 1066 709 1092 nee
741 1050 958 1093 eredimus
980 1053 1255 1106 Λευτυχίὸας,
1289 1067 1399 1109 quae
1429 1057 1494 1093 est
1524 1050 1672 1093 Ionica

215 1117 406 1160 nominis
436 1117 670 1172 Laconici,
719 1118 834 1175 quod
863 1119 995 1176 vulgo
1024 1120 1312 1173 Λεωτυχίδης,
1353 1118 1516 1172 forma,
1557 1126 1672 1161 recte

215 1186 327 1243 apud
356 1185 705 1228 Timocreontem
734 1186 788 1227 fr.
824 1187 845 1227 1
881 1186 1040 1241 serihi3
1089 1194 1278 1228 ceterum
1316 1202 1370 1228 ne
1399 1185 1537 1228 Attici
1575 1186 1670 1244 qui-

217 1254 314 1295 dem
344 1253 506 1295 Dorica
546 1253 710 1295 ratione
748 1253 1047 1308 abstinebant,
1091 1261 1138 1296 ut
1165 1253 1398 1308 Λάμαχος,
1444 1253 1668 1309 Λαχάρης.

214 1321 388 1364 Deinde
418 1322 502 1362 hue
533 1320 719 1378 pertinet
748 1321 1001 1376 λαοργός,
1046 1321 1236 1370 ἀνόσιος·
1281 1322 1447 1363 Σικελοί
1474 1321 1668 1378 Hesyeh.

215 1404 294 1446 pro
324 1388 499 1442 λεωργός
529 1405 551 1430 e
581 1394 785 1441 λαοοργος
826 1387 903 1444 (ef.
935 1387 1232 1444 Λυκόοργος);
1291 1389 1364 1430 vix
1402 1389 1516 1431 enim
1557 1396 1671 1431 reete

215 1456 406 1509 λεουργός
435 1456 644 1498 Doricum
673 1456 831 1498 dieitur
860 1473 882 1498 a
913 1457 1071 1499 Photio
1102 1455 1177 1511 (ef.
1213 1459 1254 1509 ξ.
1278 1456 1350 1510 25,
1377 1457 1419 1498 4.
1449 1456 1518 1511 d),
1551 1456 1670 1514 quod

213 1524 324 1565 male
357 1524 560 1582 seriptum
593 1525 832 1581 putaverim
872 1540 949 1581 pro
989 1523 1209 1579 λαουργός,
1256 1539 1365 1582 quae
1405 1525 1542 1566 forma
1582 1539 1671 1565 non

215 1591 360 1634 minus
391 1592 506 1649 apud
540 1591 780 1634 Dorienses
811 1592 914 1634 oriri
943 1599 1124 1650 poterat.

324 1695 370 1745 8)
429 1694 595 1736 Eodem
638 1693 948 1736 contractionis
992 1710 1150 1751 genere
1193 1692 1441 1746 πάραρος
1480 1692 1667 1735 Theocr.

213 1762 318 1813 XV,
350 1762 377 1804 8
408 1769 553 1803 natum
584 1769 648 1804 est
679 1777 701 1803 e
731 1762 974 1816 παράορος,
1016 1761 1133 1820 quod
1164 1760 1312 1803 Ioniee
1343 1768 1408 1803 est
1437 1759 1667 1814 παρήορος,

214 1831 272 1871 ef.
315 1830 471 1871 Valek.
517 1830 571 1871 ad
618 1829 765 1871 Adon.
812 1846 855 1887 p.
887 1831 1001 1883 2423
1062 1829 1219 1871 deinde
1260 1828 1471 1870 Doricum
1518 1827 1668 1869 haberi

214 1904 382 1954 oportet
410 1915 437 1937 π
455 1896 679 1950 όταρος,
719 1896 925 1951 γνώριμος
955 1896 1147 1953 Hesyeh.
1166 1927 1178 1949 ,
1223 1896 1338 1954 quod
1367 1896 1516 1937 lonice
1545 1910 1668 1936 sona-

213 1971 278 2005 ret
308 1964 569 2019 n9091309093
612 1979 691 2005 nee
722 1963 864 2005 minus
894 1964 1006 2020 apud
1036 1964 1219 2004 eundem
1252 1961 1504 2013 αὐλαρός,
1537 1961 1669 2002 αὐλω-

215 2031 291 2087 ρός
321 2047 371 2073 ex
405 2030 612 2084 αὑλαορός
650 2031 720 2072 vel
753 2030 969 2083 αὐλαωρός
1011 2029 1089 2084 (ef.
1123 2029 1359 2083 πυλαωρός)
1398 2029 1559 2071 Dorice
1599 2045 1665 2071 or·

213 2107 304 2141 tum
344 2114 442 2140 esse
485 2105 612 2155 patet.
687 2097 923 2138 Adversari
966 2096 1137 2138 videtur
1178 2098 1377 2150 τέτροῳος
1407 2097 1580 2138 Heracl.
1626 2097 1664 2150 Ι,
1760 2131 1764 2151 ,

213 2168 283 2210 42.
320 2167 422 2219 Ill,
471 2166 508 2207 si
539 2181 761 2222 compares
792 2163 1028 2217 τετράορος.
1099 2164 1196 2205 Vox
1227 2173 1367 2206 tamen
1399 2164 1665 2206 obscurioris
1760 2177 1779 2239 i

214 2233 547 2291 significationis
578 2249 600 2274 a
630 2231 882 2273 Mazocchio
923 2231 1032 2272 nihil
1063 2247 1158 2272 eum
1190 2231 1409 2285 τετράορυς
1438 2248 1664 2275 commune
1759 2248 1764 2285 1

214 2302 371 2344 habere
402 2309 442 2343 et
472 2301 618 2359 potius
648 2300 701 2340 ad
733 2300 832 2353 ὅρος
862 2299 1087 2341 reserenda
1118 2316 1214 2341 esse
1244 2308 1429 2357 putatur.

325 2387 549 2427 Postremo
595 2384 963 2426 commemoranda
1017 2391 1082 2425 est
1125 2384 1282 2425 Dorica
1326 2384 1532 2442 particula
1577 2382 1658 2432 ἇς,

214 2472 324 2514 quae
369 2454 527 2509 legitur
569 2452 738 2493 Herae-l.
784 2452 831 2503 l,
873 2451 952 2502 52,
1011 2451 1197 2508 Lysistr.
1242 2452 1348 2499 173,
1413 2451 1565 2509 Epich.
1608 2452 1660 2493 19
1777 2491 1779 2503 Α

214 2523 343 2565 Pind.
381 2522 452 2563 ()l.
488 2521 580 2572 Xl,
613 2521 690 2571 53,
736 2519 924 2559 Theoer.
966 2519 1093 2571 XIV,
1126 2520 1206 2571 70,
1256 2520 1312 2560 cf.
1356 2519 1545 2575 Hesyeh.
1592 2516 1656 2567 ἇς,
1773 2518 1779 2604 1

216 2595 313 2638 ἕως,
357 2592 496 2644 μεχρῑς
534 2587 599 2630 οὗ.
676 2587 755 2628 Est
799 2586 913 2628 enim
953 2601 1004 2627 ex
1045 2587 1128 2634 ι’ἱως
1168 2594 1404 2639 eontracta,
1452 2593 1498 2627 ut
1535 2585 1659 2627 docet
1776 2607 1779 2623 ι

218 2658 424 2714 llesyehii
457 2657 603 2713 glossa
635 2655 791 2702 ῑάως,
839 2654 959 2700 τέως·
1007 2657 1179 2707 Κρῆτες.
1242 2655 1470 2695 Cretenses
1500 2654 1657 2695 soluta-

216 2743 308 2767 rum
341 2727 568 2766 formarum
600 2730 789 2764 amantes
833 2737 916 2762 non
964 2722 1106 2763 minus
1138 2723 1221 2769 ἅως
1251 2721 1412 2763 dixisse
1441 2720 1653 2762 videntur.

220 2793 594 2835 lonico-Atticum
635 2795 708 2838 ἕως
749 2790 791 2831 in
836 2789 1114 2832 recentiorem
1155 2789 1362 2832 Doridem
1400 2788 1573 2845 irrepsit
1614 2796 1656 2830 et
