1779 3079
244 202 338 251 118
779 202 854 247 De
888 198 1151 248 vocalibus.

243 337 383 396 phicis
414 337 539 379 1699.
573 335 696 378 1703.
731 336 853 381 1705.
888 335 1013 378 1706.
1035 358 1087 366 —
1130 333 1282 377 Simile
1306 341 1395 389 est,
1426 335 1542 393 quod
1559 335 1689 378 Pind.

245 404 317 446 01.
350 403 442 458 VI,
474 403 527 446 55
555 402 600 444 in
630 402 796 445 duobus
826 403 950 445 libris
981 404 1253 459 βεβραγμένος
1283 402 1443 460 legitur
1471 418 1495 444 a
1523 405 1692 459 βρέχω,

244 480 359 514 reete
401 478 542 513 tamen
581 470 827 514 Boeckhius
871 471 986 528 egit,
1046 472 1161 529 quod
1204 471 1384 514 formam
1422 470 1694 514 incertiorem

242 555 331 581 non
360 540 537 598 recepit.

358 608 527 662 φρασί
553 622 633 666 pro
665 608 813 660 φρεσί,
854 622 939 664 quo
968 606 1183 648 Pindarus
1214 607 1348 648 utitur
1383 606 1470 650 vid.
1501 606 1691 649 Boeckh.

244 673 364 717 Nou.
399 674 473 717 Cr.
517 691 562 733 p.
596 675 677 718 385
716 682 977 732 (quanquam
1005 675 1118 716 idem
1148 674 1285 729 φρήν,
1334 675 1508 729 ᾳρενός,
1552 676 1697 729 φρένες

243 743 374 797 etc.),
407 742 458 784 ab
480 742 704 785 Eustathio
727 743 807 796 32,
840 743 893 784 14
921 742 1130 784 Doricum
1161 743 1425 800 appellatur,
1460 760 1538 785 nee
1567 743 1694 785 male.

242 809 354 853 Nam
392 810 734 868 antiquissimam
773 810 966 866 linguam
999 828 1023 850 α
1052 810 1097 850 in
1127 826 1176 851 ea
1203 825 1307 851 voce
1337 810 1539 852 habuisse
1567 811 1696 853 verba

243 876 452 934 εὐᾳραίνω
482 884 526 919 et
556 877 744 931 ἀφραίνω
774 876 955 932 doeentt,
1009 877 1227 934 antiquam
1256 878 1434 919 formam
1464 879 1577 936 apud
1605 879 1696 921 Do-

243 945 409 988 rienses
448 945 661 987 resedisse
704 960 726 986 e
765 944 882 986 vocis
922 946 1058 998 ἴρηκας
1097 944 1293 1002 analogia
1335 945 1539 1002 colligere
1576 946 1695 1000 licet,

243 1028 325 1056 nec
366 1019 524 1054 temere
569 1011 781 1069 Hesychii
823 1014 1036 1066 φρανίζω,
1095 1014 1339 1068 σωφρονίζω
1380 1012 1412 1055 i.
1454 1029 1493 1055 e.
1536 1013 1696 1070 φρενόω

243 1079 454 1123 Doricum
484 1079 633 1122 haberi
662 1079 845 1122 videtur.
926 1079 1128 1121 Ceterum
1168 1080 1388 1135 conferas,
1432 1096 1539 1138 quae
1569 1081 1611 1136 ξ.
1649 1083 1698 1126 19

242 1148 295 1190 de
323 1147 476 1201 ποιμήν
505 1147 816 1189 adnotabimus.

355 1215 596 1271 χάραδος
624 1215 740 1256 tabb.
760 1214 935 1257 Heracl.
967 1214 1011 1269 Ι,
1045 1215 1113 1257 12.
1134 1215 1213 1269 25,
1245 1215 1320 1256 ubi
1348 1214 1416 1257 via
1445 1231 1699 1260 commemo·

242 1289 361 1325 ratur
390 1281 458 1324 διὰ
486 1285 544 1323 τῶ
570 1282 774 1338 χαράόεος
805 1282 970 1337 azyma,
1019 1281 1272 1324 Mazocchio
1308 1290 1467 1325 temere
1496 1299 1644 1326 vocem
1675 1301 1698 1327 a

241 1350 448 1406 χαραδεύς
480 1350 724 1405 derivante,
772 1350 888 1408 quod
915 1350 1125 1392 Doricum
1167 1350 1423 1392 vocabulum
1452 1366 1546 1393 esse
1575 1352 1700 1410 fingit

243 1418 438 1474 ejusdem
467 1434 593 1476 quam
622 1418 815 1474 χαράδρα
847 1418 1203 1475 significationis,
1235 1418 1379 1476 potius
1402 1418 1611 1460 Doricum
1635 1427 1701 1462 est
1759 1432 1761 1450 ²

241 1501 321 1545 pro
363 1486 537 1541 χέραδος
582 1486 713 1528 Hom.
748 1486 802 1527 Il.
843 1504 897 1539 φ,
931 1486 1014 1528 319
1053 1486 1109 1527 ef.
1153 1485 1323 1544 Spitzn.
1363 1486 1469 1528 Exc.
1500 1486 1697 1542 XXXII,
1759 1483 1762 1507 ³

240 1554 385 1611 itaque
429 1553 549 1595 littus
596 1553 854 1595 maritimum
898 1553 1139 1610 significat,
1193 1553 1398 1607 calculis,
1449 1570 1602 1609 arena,
1657 1563 1700 1598 et

241 1637 525 1679 quaeeunque
554 1637 669 1662 mare
702 1623 977 1679 superfusum
1010 1621 1255 1679 relinquere
1285 1621 1396 1663 solet
1424 1629 1596 1664 tectum.

353 1688 531 1730 Praeter
568 1689 672 1730 haee
703 1688 942 1730 Dorienses
976 1692 1000 1729 ἄ
1036 1705 1115 1746 pro
1146 1689 1314 1745 vulgari
1345 1705 1362 1729 ε
1391 1690 1616 1747 proferunt
1654 1690 1699 1732 in

239 1755 453 1798 adverbiis
493 1755 610 1809 loci,
643 1772 752 1813 quae
791 1755 835 1796 in
868 1762 928 1797 θα
958 1773 1036 1814 pro
1070 1763 1120 1797 {1²6
1150 1763 1334 1810 exeunt,
1367 1765 1414 1798 ut
1445 1757 1589 1799 ἅνωθα
1620 1774 1698 1815 pro

241 1823 403 1874 ἄνευθε,
450 1831 492 1865 ct
531 1823 744 1865 adverbiis
786 1824 990 1881 temporis
1031 1840 1127 1865 eum
1169 1823 1469 1866 terminatione
1511 1842 1591 1866 οκα
1618 1840 1698 1881 pro

240 1906 329 1943 οτε,
371 1898 418 1931 ut
447 1891 596 1932 ἄλλοκα
628 1908 705 1948 pro
738 1891 875 1932 ἄλλοτε
915 1891 1000 1932 vid.
1035 1891 1076 1943 ξ.
1110 1892 1180 1932 44.
1250 1890 1561 1933 Heraeleenses
1592 1893 1697 1935 adeo

237 1957 388 1999 tertiae
429 1957 730 1999 declinationis
772 1958 959 1998 dativum
996 1957 1205 2014 pluralem
1246 1957 1291 1998 in
1336 1974 1432 1998 ασσι
1470 1967 1696 2002 exeuntem

240 2024 420 2074 habent,
479 2041 606 2082 quem
647 2025 780 2066 Doris
821 2025 962 2065 minus
1007 2040 1153 2065 severa
1194 2024 1237 2064 in
1281 2040 1397 2078 ἐσσι,
1449 2033 1495 2067 ut
1533 2026 1700 2069 ἔντασσι

241 2107 320 2150 pro
340 2091 523 2133 ἐόντεσσι
542 2092 627 2133 vid.
654 2092 694 2144 ξ.
716 2093 786 2145 30,
816 2093 856 2134 3.
889 2115 941 2121 —-
971 2091 1038 2133 De
1063 2091 1234 2132 Cretico
1259 2092 1364 2139 τάως
1383 2109 1460 2150 pro
1481 2095 1578 2143 τέως
1608 2096 1694 2138 vid.

239 2159 281 2212 ξ.
301 2160 373 2210 24,
396 2160 439 2212 8,
472 2159 523 2200 (le
546 2158 716 2201 Cretico
750 2158 877 2212 οἷδ’ρσα
909 2174 986 2216 pro
1019 2162 1115 2211 ἕρσῃ·
1135 2193 1142 2205 ,
1178 2160 1297 2212 ἐέρση
1331 2164 1369 2209 ξ.
1398 2162 1440 2210 5,
1475 2163 1515 2203 7.
1577 2163 1697 2205 Alie-

239 2242 341 2268 num
372 2227 424 2268 ab
454 2228 535 2268 hoc
567 2227 662 2269 loeo
693 2233 758 2268 est
786 2244 864 2279 κα,
897 2227 1020 2282 eujus
1051 2226 1209 2268 vocalis
1231 2227 1497 2284 producitur,
1528 2246 1607 2287 pro
1631 2230 1694 2279 ἄν,

238 2310 281 2335 κε
311 2294 398 2336 vid.
431 2296 471 2348 ξ.
504 2295 574 2337 45.

351 2361 571 2403 Nonnulla
602 2378 624 2403 a
654 2361 940 2419 grannnaticis
972 2362 1078 2402 mah·
1100 2379 1177 2419 pro
1207 2363 1380 2405 Doricis
1405 2364 1693 2419 venditantur,

241 2436 287 2469 ut
326 2428 516 2481 ἀμφιάζει)
564 2430 700 2481 (Anu.
738 2430 851 2470 Oxx.
886 2429 954 2479 11,
988 2431 1068 2471 339
1113 2439 1153 2470 et
1196 2431 1260 2471 Et.
1297 2431 1352 2472 G.
1390 2433 1471 2483 48,
1504 2433 1575 2479 41)
1615 2449 1694 2490 pro

240 2496 422 2549 ἁμᾳωζᾞ)
454 2497 483 2537 i.
517 2513 554 2537 e.
591 2496 828 2548 άμᾳιὲννιχιιι
857 2497 1015 2537 «lictum
1048 2498 1224 2548 volunt,
1257 2515 1388 2555 quum
1420 2499 1560 2555 potius
1590 2500 1694 2542 Ale-

237 2564 446 2605 xandrina
486 2581 566 2605 vox
607 2564 662 2604 sit
704 2563 806 2618 (vid.
844 2564 988 2604 Suu-z.
1034 2565 1084 2606 de
1118 2566 1217 2606 dial.
1252 2566 1416 2607 Maced.
1464 2582 1507 2623 p.
1544 2568 1624 2609 ’146
1653 2575 1695 2609 et

237 2631 394 2672 Jacobs
444 2632 494 2672 ad
518 2632 658 2672 (ἔοι-11.
694 2648 735 2688 p.
759 2633 857 2681 250)
890 2631 940 2670 ab
973 2630 1078 2683 α’μιῙί
1105 2633 1291 2674 derivata
1323 2640 1367 2674 ut
1400 2631 1571 2679 ἀντιάζω
1603 2641 1691 2685 aut,

240 2699 280 2739 id
312 2699 426 2755 quod
458 2699 580 2739 nohis
613 2699 747 2754 magis
781 2698 946 2754 placet,
1001 2715 1021 2737 ι·
1055 2700 1197 2741 futuro
1231 2700 1370 2752 άμᾳιιιῖ
1397 2701 1531 2749 facta,
1578 2702 1693 2757 quod

235 2766 285 2806 ab
329 2766 519 2817 α’μτμάζω
565 2766 822 2807 descendere
867 2774 1096 2822 putarunt,
1158 2776 1204 2809 ut
1248 2771 1351 2808 πωλῶ
1395 2783 1417 2807 a
1458 2766 1611 2816 ηελιὲζω
1652 2777 1694 2811 et
