1779 3079
186 169 287 219 334
678 172 751 217 De
781 170 1134 235 conjugatione.

185 305 222 358 I,
254 305 308 347 58
339 304 410 345 τᾶν
435 307 525 358 γᾶν,
560 305 609 345 ἅν
640 322 692 346 κα
722 305 836 348 αι’-τοὶ
865 306 1327 361 μεμισθώσωυται
1356 308 1384 358 ἢ
1414 307 1643 361 ἇρτύσωντι

185 374 210 423 ἢ
256 372 524 427 ἀποδῶνται,
583 389 712 432 quem
754 375 899 432 potius
945 375 1154 417 aoristum
1196 375 1382 433 primum
1426 376 1644 434 appellare

185 449 355 499 oportet
383 458 407 483 a
435 442 627 499 perfecto
655 441 805 484 codem
836 444 965 485 modo
999 444 1270 497 derivatum,
1318 451 1365 485 ut
1402 444 1537 501 vulgo
1578 444 1644 485 su·

184 517 327 551 turum
369 510 569 562 tertium,
617 509 704 552 nisi
748 512 969 568 praeferas
1014 529 1039 553 σ
1079 512 1137 553 ita
1167 511 1377 553 insertum
1408 519 1559 569 putare
1598 519 1646 553 ut

183 578 230 618 in
260 578 539 632 γεγράψαται,
572 586 644 620 aut
673 579 780 620 adeo
812 579 965 620 aerarii
997 595 1184 621 errorem
1214 579 1443 636 suspicari.

297 646 610 703 Optativus
650 662 674 687 a
703 646 894 688 Pindaro
925 654 1156 706 usurpatus
1197 648 1271 699 (sr.
1305 646 1411 702 277)
1452 647 1644 700 μεμναῖτο

182 730 261 772 pro
291 717 465 771 μεμνῇτο
506 715 576 757 vel
615 717 793 767 μεμνῷτο
825 714 1014 756 Doricus
1057 715 1217 757 dicitur
1236 720 1298 769 ⁴¹)>
1346 715 1451 758 satis
1489 715 1644 773 proba-

182 783 344 825 hiliter.

295 849 479 907 Reliqui
518 849 750 904 subjectivi
789 849 907 891 modi
948 849 1059 892 nihil
1090 849 1258 907 proprii
1287 850 1448 892 liabent
1476 859 1646 908 praeter

182 919 351 961 tertiam
370 917 581 975 pluralem
605 917 866 973 imperativi,
899 917 951 959 de
974 933 1059 975 qua
1086 933 1213 974 supra
1237 917 1425 959 diximus
1444 918 1485 970 ξ.
1510 919 1580 971 36,
1599 920 1640 960 4.

295 986 341 1041 7)
400 986 454 1027 ln
484 984 735 1025 universum
769 985 821 1028 de
852 986 1036 1043 perfecti
1067 985 1374 1042 conjugatione
1405 985 1568 1027 Dorica
1599 985 1644 1026 in

181 1056 294 1097 lianc
324 1053 534 1095 rationem
561 1052 846 1108 judicandum
879 1062 958 1095 est.
1001 1054 1251 1095 Perfectum
1272 1053 1317 1094 in
1341 1053 1644 1112 antiquissima

182 1122 447 1164 Graecorum
477 1120 630 1178 lingua
658 1121 812 1162 iisdem
843 1122 933 1163 fere
960 1121 1340 1164 terminationibus
1373 1137 1499 1163 usum
1528 1137 1643 1174 esse,

181 1190 345 1248 quibus
388 1188 641 1246 conjugatio
680 1188 726 1229 in
769 1207 838 1242 μι,
888 1189 1121 1231 Homerica
1167 1190 1379 1231 dialectus
1422 1188 1643 1247 patefacit.

184 1260 348 1301 Postea
391 1273 525 1315 quum
563 1256 744 1314 perfecti
784 1273 891 1298 usus
931 1258 989 1298 ita
1017 1266 1281 1316 propagatus
1315 1265 1431 1299 esset
1462 1258 1644 1314 ejusque

181 1326 408 1379 formatio,
455 1325 501 1366 in
542 1325 759 1381 objectivo
808 1326 987 1379 saltem,
1031 1325 1090 1366 ita
1129 1333 1312 1379 mutata,
1358 1332 1405 1365 ut
1440 1324 1643 1382 antiquae

183 1393 511 1453 conjugationis
541 1393 650 1434 ratio
680 1401 753 1434 aut
783 1393 1077 1435 obsolesceret
1107 1400 1178 1433 aut
1208 1409 1262 1434 ne
1289 1400 1438 1450 posset
1467 1393 1642 1450 quidem

183 1462 372 1516 servari,
422 1463 582 1503 factum
624 1469 713 1514 est,
762 1468 807 1502 ut
850 1461 1002 1519 lingua
1047 1460 1152 1502 alias
1198 1461 1420 1519 analogias
1465 1468 1644 1518 sequuta

181 1530 538 1574 terminationum
568 1529 779 1570 rationem
812 1537 1009 1571 mutaret.
1054 1528 1113 1570 Ut
1142 1529 1224 1570 alia
1244 1546 1359 1571 nunc
1378 1528 1642 1582 omittamus,

181 1599 519 1656 conjunctivus,
571 1597 853 1655 imperativus
894 1605 936 1638 et
980 1596 1195 1654 optativus
1242 1597 1369 1638 etiam
1413 1597 1459 1637 in
1497 1596 1645 1638 Attica

181 1668 335 1726 lingua
375 1666 428 1708 ad
466 1665 820 1722 conjugationem
858 1665 903 1706 in
947 1683 978 1705 ω
1009 1665 1300 1718 transierunt,
1347 1665 1423 1706 ille
1464 1664 1642 1722 ubique,

181 1736 230 1777 hi
270 1734 472 1777 subinde.
549 1733 746 1776 Ulterius
785 1733 1008 1791 progressi
1039 1742 1140 1774 sunt
1170 1750 1302 1790 quum
1333 1748 1483 1775 omncs
1513 1732 1644 1774 Dori-

185 1819 314 1846 enses
354 1811 445 1844 tum
487 1800 777 1859 Syracusani,
822 1802 897 1860 qui
936 1801 1063 1842 ctiam
1104 1801 1367 1858 singularem
1399 1801 1642 1852 indicativi,

183 1870 474 1920 infinitivum,
518 1869 775 1911 femininum
807 1869 1025 1927 participii
1057 1877 1099 1911 et
1128 1870 1294 1910 tertiam
1328 1869 1535 1926 pluralem
1567 1868 1642 1909 ob·

178 1939 334 1995 jectivi
366 1938 605 1979 secundum
639 1938 759 1978 illam
790 1953 982 1978 normam
1013 1938 1344 1978 conformarent.
1418 1936 1509 1976 Cur
1538 1936 1643 1977 reli-

184 2007 311 2064 quis,
345 2005 505 2062 plurali
534 2005 806 2062 potissimum
839 2004 1064 2045 indicativi
1097 2013 1138 2045 ct
1163 2002 1378 2060 participii
1400 2005 1642 2046 masculino

183 2076 231 2117 in
274 2073 490 2129 objectivo
529 2073 654 2113 ctiam
690 2072 951 2128 Syracusani
994 2072 1281 2128 antiquiorem
1323 2071 1503 2112 sormam
1542 2072 1641 2113 reli·

184 2142 385 2201 quei-int,
420 2155 625 2199 quaerere
657 2140 729 2181 vix
758 2139 874 2180 lieet.
939 2139 1185 2180 Inlinitivus
1216 2147 1356 2179 tamen
1387 2154 1438 2179 cv
1469 2139 1642 2196 antiqua

186 2208 508 2268 conjugationis
550 2208 593 2248 in
635 2224 679 2258 μι,
717 2207 974 2262 cognatione
1005 2207 1048 2248 in
1080 2206 1360 2247 Heraclccnsi
1390 2211 1642 2259 neqmevuff-

184 2296 255 2333 μεν
285 2287 327 2320 ct
357 2276 648 2319 Archimcdco
680 2275 934 2326 mnorffl'gu‘v
964 2275 1308 2316 terminationem
1339 2291 1409 2326 μέν
1439 2275 1640 2325 servavit,

186 2347 324 2389 vocali
357 2355 497 2387 tamen
530 2345 704 2385 inserta.
780 2343 937 2392 Plura,
986 2359 1095 2400 quac
1127 2343 1315 2384 Atticam
1357 2359 1530 2400 quoquc
1559 2343 1641 2385 lin-

189 2432 316 2473 guam
348 2421 552 2472 tang-ant,
598 2427 714 2452 nuuc
752 2411 972 2469 disputare
1011 2412 1241 2465 nolumus,
1290 2410 1368 2452 scd
1398 2413 1478 2452 boc
1509 2427 1642 2453 unum

231 2591 268 2630 4)
320 2589 379 2623 Ῑζῑ,
408 2589 458 2622 Μ,
485 2590 575 2629 579,
606 2590 634 2621 l,
682 2587 851 2630 '‘auria-uro
888 2604 927 2609 —
967 2584 1123 2624 ΞΗὉᾳιῗιν
1153 2587 1186 2619 ὁὶ
1222 2587 1373 2627 μεμνῷτο
1406 2583 1487 2617 d‘rw
1520 2585 1583 2617 τοῦ
1608 2591 1641 2614 ε·

185 2647 329 2692 Κράτης
366 2648 400 2679 δὲ
435 2650 615 2685 μεμνοῖτο·
666 2645 706 2677 τὸ
739 2647 771 2677 ok
804 2642 973 2683 ἀνάλογον
1003 2646 1150 2690 μκμνῇτο
1182 2642 1241 2675 dul
1267 2645 1328 2676 τοῦ
1355 2644 1375 2686 ἢ
1404 2642 1642 2687 προςκιιμέιόιν

183 2708 245 2737 τοῦ
281 2721 289 2737 ι
309 2715 315 2721 “
370 2706 539 2749 Πίνὸἀρος
577 2704 610 2736 ὁὲ
638 2701 876 2747 Λωρικιιὶττρον
909 2700 964 2733 oui
1005 2704 1065 2745 τῆς
1099 2703 1143 2733 ιῖῗ
1173 2702 1362 2741 μεμναιάτο
1388 2699 1514 2744 (Syll).
1543 2706 1643 2732 recte

185 2761 392 2796 emendavit
419 2764 609 2802 μεμιάἴτο).
