1779 3079
249 191 350 242 288
743 193 817 239 De
859 191 1208 257 conjugatione.

249 337 390 370 tamen
422 326 729 384 quaerentibus
761 327 819 370 ita
848 328 1201 387 praecipiendum
1239 335 1330 371 est:
1390 328 1525 371 Doris
1567 329 1702 372 futuri

248 396 378 454 primi
405 398 470 447 (ut
497 411 544 436 ea
565 395 852 453 appellatione
872 396 934 438 uti
957 397 1101 444 liccat)
1131 398 1308 454 stirpem
1326 396 1370 437 in
1398 412 1442 438 σε
1464 398 1702 440 terminans

248 465 439 506 vocalem
463 480 479 504 ε
502 470 600 504 ante
622 463 947 506 terminationes
970 465 1206 507 secundum
1226 465 1400 521 regulas
1421 464 1466 505 in
1482 464 1523 518 ξ.
1541 464 1611 508 25.
1629 465 1700 507 26.

247 533 299 576 21
331 531 563 589 explicatas
594 531 721 573 modo
746 531 1013 574 immutatum
1045 532 1255 591 relinquit
1279 532 1407 574 modo
1430 532 1549 574 vario
1572 533 1702 574 modo

249 607 382 642 mutat
412 606 611 640 anteum
650 600 952 642 terminatione
996 600 1236 656 conjungit.
1310 600 1521 658 Vulgaris
1567 600 1701 642 futuri

248 667 377 725 primi
407 667 541 716 ratio,
582 683 690 724 quae
723 668 861 709 solum
896 685 920 709 σ
948 684 1026 726 pro
1058 669 1299 709 charactere
1329 668 1480 722 habet,
1522 683 1609 710 non
1639 683 1702 709 re-

248 735 416 794 peritur
457 751 646 792 unquam
693 736 737 775 in
778 735 973 776 fontibus
1013 736 1159 793 paullo
1199 734 1378 790 majoris
1413 735 1547 791 fidei,
1605 751 1702 776 nam

249 802 427 857 oiodm,
478 802 720 856 ἕργαξόιιται
758 810 800 843 ct
841 802 997 843 similia
1045 803 1089 843 in
1133 803 1293 844 tabulis
1335 803 1702 845 Heracleensibus

247 871 333 913 alio
363 870 568 912 trahenda
600 885 721 923 csse,
756 885 883 926 supra
915 870 1018 910 satis
1050 870 1385 911 demonstratum
1417 878 1482 912 cst
1512 870 1641 924 §.26,
1659 871 1701 911 2.

246 938 481 996 Lapicidac
527 937 639 991 Tejo
682 936 895 979 debentur
938 937 984 977 in
1027 937 1210 979 Creticis
1249 938 1358 979 3047
1397 937 1700 993 πειρασόμεθα,

247 1008 357 1049 3049
386 1004 637 1057 ποιήσομεν,
674 1004 784 1046 3052
809 1003 1123 1058 ἀναγράψομεν,
1160 1021 1333 1058 eorum,
1364 1004 1440 1062 qui
1463 1004 1702 1062 descripse-

245 1081 372 1125 runt,
418 1072 714 1129 negligentiae
745 1070 999 1126 προάξονται4
1030 1073 1179 1113 Herm.
1214 1072 1322 1115 1193
1369 1080 1410 1114 et
1444 1071 1702 1114 ἇποδώσοντι

249 1142 397 1184 Ther·
419 1140 547 1194 2448,
586 1140 666 1182 VI.
701 1140 769 1194 16,
811 1155 890 1181 nec
921 1155 1067 1181 verum
1099 1140 1239 1181 videri
1270 1146 1410 1197 potest
1441 1141 1700 1194 ἔξορκίξοντι,

247 1209 364 1267 quod
402 1208 648 1250 Bocckhius
691 1208 734 1249 in
779 1207 1108 1264 corruptissimo
1148 1208 1274 1250 titulo
1315 1207 1432 1248 Cret.
1464 1208 1599 1261 2554,
1630 1207 1700 1249 36.

244 1278 298 1318 41
332 1276 522 1318 restituit
562 1276 693 1327 (idem
725 1275 839 1316 haud
870 1291 965 1316 raro
996 1275 1156 1317 Dorice
1187 1275 1522 1317 circumflectere
1552 1275 1704 1333 negle—

245 1345 341 1397 xit).
403 1344 612 1401 Vulgaris
644 1344 807 1396 forma,
852 1359 978 1400 quam
1008 1343 1193 1401 propelli
1223 1352 1404 1385 metrum
1435 1350 1570 1392 vetat,
1618 1345 1702 1384 κοΐ·-

247 1416 329 1463 ‘geza
361 1412 553 1453 Achai-n.
587 1413 670 1454 712
714 1416 754 1460 (c
784 1411 1034 1452 Ravennate
1066 1427 1181 1453 nunc
1211 1410 1325 1460 ἱξεῖτ’
1356 1411 1438 1453 708
1475 1419 1516 1453 ct
1549 1409 1703 1464 ἀγορα-

249 1484 413 1527 σοῦντες
443 1479 525 1522 716
555 1495 634 1537 pro
666 1478 755 1528 ἵξετ’
787 1487 828 1520 et
861 1478 1134 1533 ἀγοράσοντες
1164 1479 1359 1520 restituta
1386 1482 1520 1530 sunt),
1552 1477 1701 1518 Attico

244 1553 396 1607 po'etac
444 1547 728 1590 condonanda
777 1554 867 1602 est3
928 1563 1007 1604 pro
1052 1545 1268 1598 πωτάομαι
1309 1545 1339 1587 i.
1374 1561 1412 1586 e.
1458 1544 1700 1597 πωτάσομαι

245 1617 435 1673 Lysistr.
470 1616 578 1658 1013
621 1617 851 1667 πωταὶύμαι
892 1614 1107 1672 suspicari
1145 1614 1263 1655 licet.
1339 1612 1470 1666 Quod
1510 1613 1554 1654 in
1590 1611 1700 1654 Che-

244 1683 482 1726 lidonismo
530 1684 748 1740 genuinus
780 1682 1027 1734 ¹Dorismus
1086 1682 1156 1723 bis
1210 1681 1475 1739 negligitur,
1535 1680 1578 1721 in
1632 1679 1701 1720 ἐά-

247 1768 370 1804 σομες
411 1759 453 1792 et
496 1752 682 1803 οἴσομες,
730 1750 1012 1793 recentiorem
1058 1750 1152 1806 ejus
1184 1749 1395 1805 originem
1428 1747 1696 1790 indicaverit.

244 1819 376 1877 Apud
408 1819 714 1861 Archimedem
747 1819 998 1876 frequentes
1031 1826 1130 1859 sunt
1161 1817 1321 1858 formae
1351 1817 1551 1874 vulgares
1571 1847 1583 1870 ,
1614 1831 1700 1856 ma-

244 1887 360 1928 xime
392 1887 435 1927 in
470 1887 628 1928 futuris
658 1885 838 1944 passivi.

357 1954 569 1995 Doridem
610 1954 654 1994 in
693 1954 769 1994 illa
810 1952 945 1993 futuri
977 1951 1232 1993 formatione
1264 1949 1589 2008 antiquissimae
1619 1948 1701 1989 lin-

246 2037 353 2079 guae
393 2022 577 2078 vestigia
619 2036 813 2078 premere
847 2019 1068 2060 Sanscrita
1098 2019 1249 2074 lingua
1280 2018 1430 2071 docet,
1476 2017 1602 2072 cujus
1634 2016 1699 2057 su·

243 2097 387 2130 turum
421 2088 657 2130 secundum
697 2088 740 2128 in
781 2085 941 2141 sja'imi
980 2085 1260 2138 terminatur,
1307 2093 1351 2126 ut
1391 2083 1698 2138 hhotsjfimi

243 2173 267 2198 a
295 2156 473 2208 budh,
519 2156 575 2196 cf.
609 2157 837 2205 πευσοῦμαι
866 2169 888 2194 a
921 2152 1063 2194 radice
1094 2160 1193 2193 πυθ.
1255 2154 1451 2210 Apparet
1482 2151 1596 2192 enim
1627 2167 1698 2192 an-

242 2225 410 2282 tiquum
438 2223 456 2278 j
493 2223 607 2280 apud
637 2221 877 2270 Dorienses
919 2221 962 2260 in
993 2237 1008 2260 ε
1040 2221 1275 2274 transisse,
1324 2237 1455 2278 quum
1489 2218 1698 2261 Lcsbiaca

243 2293 393 2349 lingua
418 2291 463 2347 js
494 2291 539 2332 iu
573 2306 625 2330 σσ
657 2296 837 2329 mutaret
866 2287 971 2337 (vid.
1004 2288 1099 2328 L.l
1132 2288 1173 2341 ξ.
1197 2290 1240 2341 0,
1278 2289 1344 2340 l),
1387 2287 1577 2345 reliquae
1612 2286 1697 2327 dia-

243 2359 375 2411 lecti,
419 2375 498 2399 ncc
529 2358 675 2399 minus
709 2355 870 2398 Dorica
904 2356 947 2395 in
979 2356 1137 2397 aoristo
1168 2356 1336 2412 primo,
1377 2355 1395 2410 j
1431 2355 1557 2412 plane
1589 2353 1697 2408 abji-

244 2435 404 2469 cerent.
467 2426 678 2467 Futurum
710 2423 973 2476 secundum,
1005 2424 1118 2481 quod
1151 2431 1328 2476 vocant,
1362 2423 1417 2463 ita
1441 2428 1579 2463 ortum
1602 2436 1697 2462 csse

242 2605 460 2643 xkavoa'wt,
503 2605 742 2648 weomadum,
792 2612 886 2642 quac
920 2601 1058 2633 formae
1093 2611 1159 2644 pro
1198 2609 1301 2644 parte
1332 2599 1494 2633 Doribus
1520 2610 1590 2632 non
1615 2607 1697 2633 sunt

246 2659 444 2703 propriae,
494 2659 540 2693 dc
578 2660 699 2692 ae’oefrcu
730 2657 871 2692 Scholl.
910 2660 954 2691 A.
995 2657 1040 2693 ll.
1073 2662 1117 2699 ρ’,
1144 2660 1230 2699 353,
1280 2658 1338 2690 Et.
1366 2657 1410 2690 G.
1446 2658 1533 2697 212,
1563 2658 1616 2691 16.
1654 2675 1697 2680 —

247 2716 435 2749 lleraclid.
471 2728 527 2760 ap.
566 2716 726 2750 Eustath.
767 2718 877 2757 1557,
906 2717 949 2749 ⁴0
990 2715 1036 2748 dc
1073 2715 1192 2749 tertiis
1233 2714 1440 2759 pluralibus
1479 2713 1571 2755 (vid.
1597 2715 1624 2756 ξ.
1652 2714 1696 2748 36

246 2782 317 2807 1101.
348 2775 382 2810 2)
411 2781 476 2807 etc.
