1779 3079
207 194 272 243 66
678 196 752 241 De
786 194 1169 241 consonantibus.

210 332 406 387 τήμερον,
449 333 587 382 τῆτες,
635 345 744 388 quae
775 338 889 372 recte
919 348 942 372 o
970 331 1014 372 τὸ
1046 328 1184 386 ἦμαρ,
1230 330 1274 372 τὸ
1305 329 1406 379 ἔθος
1435 331 1543 373 facta
1576 347 1651 389 pu-

207 400 377 442 taveris.
425 399 486 440 At
513 399 618 439 haec
647 413 733 439 non
762 398 1036 456 reperiuntur
1066 398 1151 439 nisi
1181 398 1225 439 in
1255 398 1402 440 stricto
1423 398 1652 441 Atticismo

207 468 291 510 vid.
327 467 466 509 Piers.
500 465 553 507 ad
582 465 720 507 Moer.
763 481 805 523 p.
839 466 947 519 364,
1006 481 1137 522 quum
1178 466 1334 508 cultior
1370 465 1517 507 Atthis
1557 481 1653 507 cum

211 535 389 592 reliquis
421 533 613 575 dialectis
645 532 822 589 σήμερον
852 540 894 573 et
925 536 1040 582 σῆτες
1070 534 1305 590 praeferat,
1349 541 1392 575 et
1420 549 1550 591 quum
1581 547 1654 574 eae

207 617 334 644 voces
381 601 757 643 demonstrativum
799 600 1018 641 continere
1059 601 1308 656 videantur,
1358 600 1655 658 antiquissima

207 660 356 727 lingua
386 669 431 710 in
461 669 889 711 demonstrativorum
919 669 1051 725 stirpe
1078 685 1164 710 non
1194 669 1333 711 solum
1353 687 1396 719 τ,
1429 669 1505 710 sed
1529 668 1656 710 etiam

207 754 231 778 σ
263 737 414 790 habet,
445 737 502 778 cf.
536 737 677 794 Bopp.
713 738 851 791 Verql.
885 736 1073 778 Grmnm.
1116 733 1155 793 ξ.
1189 738 1285 779 345.
1348 736 1548 778 Ceterum
1581 733 1655 775 σά-

203 820 328 857 μερον
372 803 531 860 legitur
575 804 618 845 in
663 803 890 860 Eupolidis
921 802 1149 844 Helotibus
1186 805 1289 846 Ath.
1333 804 1424 857 ΙΙΙ,
1464 804 1557 846 138.
1601 803 1653 856 f.,

204 871 316 928 apud
345 870 581 912 Pindarum
613 878 655 912 et
682 870 988 923 Theocritum,
1045 873 1162 918 σᾶτες
1202 872 1247 911 in
1288 871 1459 912 decreto
1499 870 1655 911 Gelen-

205 939 330 980 sium.
394 938 461 979 De
491 938 713 994 Megarico
747 937 799 977 σά
831 953 909 994 pro
940 939 1026 977 τίνα
1057 937 1168 979 infra
1197 938 1438 980 videbimus
1468 940 1508 991 ἓ.
1541 938 1609 979 33.

865 1045 907 1098 ξ.
950 1046 990 1085 7.

514 1137 593 1169 De
617 1138 647 1169 θ
670 1145 702 1168 a
725 1136 1003 1168 Laconibus
1029 1137 1082 1168 in
1102 1145 1120 1166 σ
1143 1138 1348 1168 mutato.

315 1209 358 1258 1)
425 1212 459 1249 Θ
500 1225 522 1249 a
564 1208 809 1249 Laconibus
847 1208 892 1249 in
932 1205 955 1249 ὅ
981 1209 1128 1249 mutati
1160 1216 1201 1250 ct
1231 1207 1496 1265 grammatici
1526 1213 1656 1249 testes

206 1283 307 1317 sunt
329 1279 361 1323 ¹)
395 1283 437 1316 ct
466 1275 598 1316 multa
629 1276 822 1333 exempla
851 1276 1139 1333 reperiuntur.
1214 1276 1407 1317 Primum
1438 1275 1551 1333 apud
1578 1274 1657 1316 Al-

205 1360 396 1385 cmanem
435 1344 539 1385 haec
570 1349 694 1383 sunt:
759 1345 1143 1395 σαλασσομε’δοισαν
1173 1345 1226 1385 fr.
1259 1344 1313 1386 35
1343 1343 1423 1386 W.
1466 1358 1545 1400 pro
1574 1348 1659 1382 θα-

206 1412 566 1463 λασσομε’ὀ“ουσαν,
614 1411 805 1451 σάλεσσιιι
847 1411 900 1453 64
940 1412 1031 1463 (66)
1070 1427 1148 1469 pro
1192 1411 1390 1463 θάλεσιν,
1439 1410 1575 1451 σάλλει
1617 1415 1659 1450 et

205 1478 326 1529 ἔσηκε
356 1479 410 1521 59
441 1479 532 1532 (24)
551 1510 563 1532 ,
609 1485 652 1520 et
691 1495 800 1536 quae
832 1479 1192 1521 Schneidewinus
1232 1495 1347 1520 nunc
1388 1494 1411 1519 c
1440 1476 1564 1519 libris
1592 1492 1658 1517 re-

206 1546 344 1588 stituit
371 1545 591 1601 Σεράπνας
619 1547 647 1588 2
676 1547 740 1599 (2)
771 1555 813 1588 ct
842 1549 1065 1599 παρσένοις
1094 1547 1121 1588 7
1153 1546 1242 1602 (1),
1284 1546 1437 1587 deinde
1468 1546 1513 1586 in
1544 1545 1656 1601 frag-

208 1622 352 1656 mento
383 1613 496 1672 apud
525 1614 675 1672 Apoll.
718 1615 770 1656 de
809 1622 924 1672 synt.
965 1630 1008 1671 p.
1041 1615 1149 1668 335,
1194 1613 1311 1673 quod
1337 1612 1538 1655 Alcmani
1566 1612 1658 1654 vin-

206 1681 440 1723 dicavimus
471 1681 575 1733 (vid.
609 1682 651 1735 §.
684 1684 712 1725 4
755 1689 845 1723 not.
878 1681 921 1738 5)
966 1681 1205 1731 ’Λσαναιά,
1252 1689 1469 1739 postremo
1499 1681 1544 1721 iu
1572 1680 1659 1722 He-

207 1749 346 1806 sychii
365 1749 509 1806 glossa
537 1749 777 1791 Ἀσαναίων
807 1750 946 1791 πόλιν
979 1749 1051 1798 τὰς
1079 1749 1285 1803 Ἀᾳίδνας
1316 1749 1396 1801 (uti
1417 1747 1659 1790 Palmerius

210 1817 395 1857 correxit
422 1833 502 1874 pro
531 1816 746 1858 ’Λσανέων
777 1843 826 1848 —-
862 1816 1112 1871 '.fl‹pv1'd⁵a3),
1145 1833 1271 1874 quam
1304 1816 1355 1858 C.
1390 1816 1445 1857 Ο.
1478 1814 1659 1857 Muelle-

209 1898 282 1923 rus
313 1884 421 1925 Dor.
455 1884 474 1924 I
504 1900 547 1941 p.
580 1885 662 1927 439
690 1884 800 1926 bene
831 1884 883 1925 ad
910 1884 1134 1925 Alcmanis
1164 1885 1368 1940 hymnum
1399 1883 1443 1923 in
1474 1881 1658 1923 Dioscu-

209 1965 279 1990 ros
325 1950 485 1991 retulit.
563 1951 700 2008 Saepe
738 1959 878 1992 tamen
919 1951 976 1992 ita
1020 1959 1066 1992 ut
1095 1952 1213 1992 nulla
1243 1949 1503 1993 discriminis
1534 1963 1659 1989 causa

208 2024 435 2074 appareat,
481 2017 510 2060 ὅ
540 2025 751 2059 retentum
782 2018 968 2074 legitur,
1013 2026 1059 2059 ut
1099 2018 1143 2059 in
1176 2020 1351 2068 θίασος,
1391 2017 1656 2072 παρθενικαί,

211 2084 363 2134 ἄνθος,
397 2086 556 2126 θεοῖσιν
586 2091 666 2126 etc.

325 2151 375 2192 ln
424 2151 729 2208 Aristophanis
786 2152 1021 2209 Lysistrata
1077 2153 1288 2194 Laconica
1342 2152 1436 2207 ejus
1489 2151 1660 2208 generis

212 2217 343 2259 multa
371 2217 599 2275 leguntur:
649 2220 753 2260 σέλει
784 2220 917 2273 1080,
963 2222 1060 2260 σείω
1095 2220 1229 2273 1081,
1274 2219 1495 2275 σηροκτόνε
1535 2219 1659 2273 1262,

214 2288 330 2339 σιγῆν
359 2285 493 2340 1004,
538 2287 628 2335 σιός
667 2295 710 2328 ct
751 2287 820 2328 σιά
860 2304 938 2345 pro
976 2288 1076 2336 θεός
1115 2296 1156 2329 ct
1198 2288 1278 2329 θεά
1309 2304 1462 2345 saepe,
1508 2286 1662 2341 ἄγασός

260 2466 294 2503 l)
342 2464 467 2509 Apoll.
492 2464 538 2498 de
564 2474 660 2509 synt.
703 2477 736 2509 p.
764 2468 830 2507 39,
869 2468 901 2501 3.
941 2466 971 2498 οἶ
1001 2468 1059 2506 μὲν
1091 2465 1192 2498 ἄλλοι
1216 2467 1356 2510 Δωριεῖς
1388 2466 1529 2509 τηροῦσι
1558 2461 1598 2497 τὸ
1618 2453 1661 2501 ’5,

211 2521 369 2559 Λάκωνες
401 2522 435 2555 δὲ
460 2522 515 2554 καὶ
549 2521 591 2560 εἰς
617 2524 640 2555 ὅ
663 2524 948 2565 ,ιιιτῳῧεὶλὶονσιικ
988 2543 1028 2548 -
1092 2525 1186 2557 Αηη.
1215 2525 1301 2557 Oxx
1343 2523 1379 2563 1,
1408 2523 1488 2562 197,
1514 2524 1545 2555 7.
1583 2520 1660 2554 Λά-

213 2603 308 2626 κωνες
331 2589 372 2624 τὸ
396 2579 554 2629 §miror
580 2590 623 2627 εἷς
646 2593 669 2624 ὅ
691 2593 891 2636 τρέπουσιν,
929 2591 955 2623 εἰ
990 2591 1034 2635 μὴ
1073 2590 1089 2635 ἢ
1125 2592 1196 2635 ἕξῆς
1228 2589 1383 2633 συλλαβὴ
1417 2588 1561 2634 ἄρχοιτο
1592 2587 1664 2623 ἀπὸ

214 2650 275 2680 τοῦ
298 2649 340 2681 ὅ·
380 2648 499 2688 σι’μός,
539 2648 670 2685 σάλλω,
704 2649 781 2685 mdc.
813 2669 850 2674 -—
901 2650 933 2683 J.
959 2650 1022 2683 Gr.
1049 2652 1138 2684 242.
1165 2651 1207 2690 b,
1259 2649 1323 2681 Gr.
1352 2648 1391 2681 (¹.
1419 2648 1508 2688 299,
1558 2646 1662 2679 Leid.

215 2705 279 2737 631
307 2704 422 2737 minus
451 2714 549 2739 recte
576 2706 666 2739 hanc
692 2708 923 2740 namatium-m
955 2708 1125 2739 Doricam
1161 2706 1350 2750 appellant
1387 2712 1419 2737 ει
1455 2704 1662 2747 exemplum

215 2761 351 2795 addunt
378 2762 448 2798 σεὸς
474 2763 610 2805 <potius
636 2764 727 2802 σιὸς).
