1779 3079
423 167 465 225 ᾗ.
500 166 578 215 47.
651 169 725 215 De
761 167 986 215 universa
1024 165 1216 214 Doride.
1451 167 1546 216 401

100 307 227 343 uatus
257 300 344 354 sit,
388 300 562 357 sugam,
607 309 655 343 ut
683 300 856 355 Ἰάρων,
900 299 1176 353 Ἱππομέδων,
1222 299 1544 355 Ἀρμοξίὸαμος,

100 367 290 422 ἀνιοχίων
319 367 408 409 vid.
443 365 483 424 ξ.
516 370 567 419 4,
602 370 626 411 3
658 384 779 427 seqq.
851 367 911 409 Ut
947 367 1099 421 Ἰάρων
1132 369 1223 424 jam
1262 367 1306 409 in
1338 367 1546 410 Hieronis

98 436 220 492 galea
250 451 402 493 aspero
431 437 689 478 instructum
719 435 957 493 reperitur,
1002 435 1061 476 ita
1100 435 1276 477 omnino
1305 434 1545 478 Dorienses

97 503 198 544 indc
229 519 252 543 a
283 503 436 560 quinto
466 505 555 545 scre
587 504 758 545 saeculo
789 503 927 561 asperi
961 502 1139 559 spiritus
1162 504 1418 545 amantiores
1443 503 1546 545 sacti

96 586 193 613 esse
222 570 448 624 videntur,
479 571 607 612 modo
637 572 682 612 in
715 571 892 612 candem
925 570 1160 622 rationem,
1193 586 1300 626 quac
1331 571 1444 627 apud
1466 571 1544 612 At-

95 637 204 679 ticos
236 645 477 695 spectatur,
509 638 635 680 modo
665 639 727 689 (in
761 638 1020 696 quibusdam
1052 645 1166 679 certe
1197 638 1450 695 generibus)
1481 639 1546 680 ul-

95 713 158 746 tra
187 706 382 746 Atticum
411 721 552 746 usum.
586 733 640 737 —
698 706 951 762 Digamma,
985 705 1111 760 eujus
1143 705 1185 745 in
1218 704 1384 746 Doride
1415 706 1545 747 histo-

94 772 201 813 riam
245 788 372 829 supra
419 772 732 814 dclincavimus
772 774 813 826 ζῇ.
860 773 908 826 5,
943 773 993 825 9,
1042 772 1178 830 prima
1217 772 1293 813 illa
1332 779 1466 813 aetate
1506 780 1547 814 ct

94 840 206 898 apud
248 855 396 881 omnes
426 840 667 881 Dorienses
708 841 1026 899 frequentatum
1070 855 1167 881 esse
1208 839 1375 881 videtur
1415 848 1456 881 et
1495 855 1546 882 eo

94 923 175 948 usu
205 923 228 948 e
259 923 422 948 summa
453 908 706 965 antiquitate
736 908 916 961 tradito,
956 923 1082 965 quam
1114 915 1260 963 postea
1290 907 1384 965 ipsa
1413 907 1544 949 Dori-

95 975 163 1016 dis
212 991 369 1033 gencra
420 991 521 1032 prae
574 975 759 1033 reliquis
810 976 977 1032 priseae
1021 975 1142 1016 illius
1189 975 1339 1017 literae
1381 975 1548 1017 tenacia

93 1050 455 1100 aspernarentur,
502 1059 588 1100 quo
618 1043 836 1099 pertinent
865 1044 1017 1090 κλέΓος
1048 1050 1090 1083 ct
1121 1044 1236 1082 allv’el
1261 1043 1304 1083 iu
1336 1043 1548 1100 antiquis-

95 1110 204 1151 simo
234 1110 359 1152 titulo
393 1111 608 1152 Crissaeo.
669 1110 857 1168 Antiqui
897 1126 1003 1151 usus
1043 1109 1200 1151 turbati
1238 1110 1422 1167 prilnum
1457 1127 1547 1152 cer-

92 1184 182 1218 tum
212 1179 456 1235 exemplum
486 1185 552 1219 est
582 1179 642 1219 Λί
669 1194 748 1235 pro
772 1179 883 1219 Ath'
911 1178 957 1219 in
992 1178 1138 1218 cadem
1171 1177 1291 1233 galea
1320 1178 1544 1219 Hieronis.

92 1244 263 1286 Deinde
305 1246 350 1286 in
391 1246 581 1302 singulis
611 1246 792 1287 Doridis
832 1245 1066 1302 generibus
1101 1245 1312 1301 digamma
1345 1245 1549 1286 diversis·

94 1312 201 1353 sima
233 1314 316 1354 fata
349 1321 572 1370 expertum
604 1321 683 1354 est.
715 1337 771 1342 ——-
827 1313 899 1355 Ad
940 1313 1120 1354 candem
1150 1312 1329 1353 Doridis
1370 1320 1549 1354 aetatem

92 1380 324 1421 referimus
354 1381 504 1422 literae
536 1381 688 1438 Roppa
727 1397 880 1435 usum,
927 1380 1116 1421 nummis
1158 1379 1298 1428 enini,
1345 1381 1421 1437 qui
1461 1380 1549 1438 pri-

93 1462 207 1488 scam
241 1449 601 1490 consuetudinem
630 1449 789 1489 imitari
819 1455 987 1500 amant,
1021 1449 1202 1489 fortasse
1234 1448 1451 1504 exceptis,
1482 1463 1549 1489 re-

93 1515 391 1557 centissimum
430 1517 677 1573 exemplum
707 1516 753 1557 in
789 1516 914 1557 titulo
948 1515 998 1556 C.
1032 1516 1068 1556 I.
1104 1531 1167 1556 ur.
1194 1515 1274 1556 166
1305 1530 1400 1556 esse
1432 1516 1548 1557 vide-

92 1590 191 1635 tur,
236 1599 364 1640 quem
396 1584 643 1626 Boeehhius
674 1584 727 1625 ad
759 1600 802 1624 n.
835 1584 917 1625 457
949 1599 987 1624 a.
1025 1582 1128 1624 Chr.
1162 1582 1324 1623 retulit.
1359 1607 1412 1613 —-·
1465 1582 1550 1623 Ce-

91 1657 231 1692 terum
256 1651 347 1705 jam
381 1652 427 1693 in
468 1652 645 1710 antiqua
679 1650 847 1693 Doride
886 1651 1101 1693 variorum
1149 1666 1356 1706 generum
1397 1649 1548 1691 discri-

92 1735 190 1760 men
221 1726 412 1776 apparet.

204 1785 368 1827 Melius
410 1785 462 1827 de
500 1783 671 1827 media
699 1784 880 1826 Doridis
911 1792 1046 1827 aetate
1075 1792 1257 1826 constat.
1336 1785 1401 1826 Eo
1433 1786 1549 1827 enini

92 1859 261 1910 praeter
290 1852 599 1910 inscriptiones
630 1853 777 1910 paullo
809 1853 956 1911 plures
989 1860 1031 1894 et
1061 1852 1309 1910 graviores,
1342 1853 1546 1910 Epichar-

92 1935 188 1961 mus
232 1927 274 1961 ct
320 1919 522 1977 Sophron
569 1920 822 1977 pertinent,
883 1920 1193 1978 Aristophanis
1233 1921 1450 1962 Laconica
1491 1928 1549 1961 at-

96 2003 180 2044 quc
219 1987 438 2043 Megarica
483 1987 548 2041 (ut
590 1989 731 2030 fontes
778 1988 1070 2046 suspectiores
1108 1995 1180 2029 aut
1221 1989 1365 2029 minus
1404 1989 1551 2044 largos

97 2055 390 2109 omittamus),
424 2062 639 2113 postremo
670 2056 905 2112 pleraque,
937 2072 1045 2114 quac
1078 2056 1344 2113 grammatici
1378 2055 1431 2097 de
1461 2056 1552 2097 Do-

96 2122 190 2164 ride
221 2123 412 2163 tradunt.
482 2123 546 2164 Ea
576 2130 718 2164 tamen
751 2124 925 2166 dialecti
957 2125 1092 2165 forma
1120 2124 1235 2164 haud
1265 2124 1420 2165 leviter
1450 2122 1553 2163 iude

99 2190 151 2231 ab
182 2190 423 2231 Alexandri
464 2197 655 2247 tempore
695 2198 853 2234 mutata
895 2199 937 2233 et
968 2199 1165 2248 corrupta
1196 2198 1261 2231 cst
1292 2190 1445 2247 partim
1475 2193 1553 2230 At-

97 2258 206 2300 ticae
235 2258 414 2313 linguae
450 2258 587 2314 magis
619 2259 844 2317 magisque
885 2259 1146 2300 dominantis
1185 2257 1413 2313 contagio,
1459 2272 1553 2314 par-

97 2325 173 2366 tim
213 2326 410 2378 interna,
467 2331 512 2366 ut
550 2325 608 2366 ita
649 2327 813 2376 dicam,
858 2327 1031 2369 dialecti
1061 2325 1361 2368 conversione.
1434 2325 1554 2365 Haec

98 2393 226 2434 facile
256 2391 510 2450 agnoscitur
539 2392 584 2433 in
613 2392 693 2446 iis,
728 2411 838 2452 quae
871 2395 1081 2436 diversam
1112 2393 1165 2434 ab
1196 2392 1342 2433 Attica
1374 2407 1555 2432 consue-

98 2459 248 2508 tudine
279 2459 490 2501 rationem
523 2469 862 2517 assumpserunt.
926 2461 1013 2503 Sed
1043 2477 1096 2502 nc
1127 2476 1174 2500 ea
1206 2459 1407 2517 quidem,
1446 2474 1555 2516 quae

99 2527 146 2570 in
176 2527 341 2570 recenti
370 2526 537 2568 Doride
576 2537 724 2570 eontra
764 2529 1052 2586 antiquiorem
1087 2543 1214 2568 usum
1246 2543 1343 2568 cum
1374 2526 1555 2567 Atthide

102 2596 378 2653 conspirant,
412 2594 554 2636 omnia
585 2610 638 2636 ex
667 2596 746 2637 hae
776 2596 872 2654 ipsa
894 2595 1078 2638 derivari
1100 2602 1293 2652 oportet,
1326 2594 1419 2634 fieri
1443 2593 1558 2635 enini

103 2670 268 2720 poterat
297 2670 344 2704 ut
367 2662 501 2703 Doris
531 2662 769 2704 recentiore
798 2671 990 2721 tempore
1020 2663 1073 2704 ad
1105 2662 1275 2703 casdem
1298 2659 1558 2702 mutationes

102 2737 255 2788 sponte
294 2730 588 2784 delaberetur,
635 2746 743 2788 quas
786 2731 934 2772 Atthis
974 2730 1111 2772 multo
1151 2729 1272 2786 prius
1312 2728 1555 2786 probasset.

161 2815 218 2857 Π.
1241 2814 1296 2856 26
