1779 3079
234 232 332 279 244
736 234 810 279 De
842 232 1170 280 declinatione.

239 368 458 418 Ποτειδὰν,
494 367 724 419 Ποσειδᾶν,
757 384 865 426 quae
897 376 997 411 sunt
1020 384 1073 410 ex
1101 368 1278 427 antiquo
1304 368 1522 410 Ποτιδάων
1544 377 1680 418 natae,

234 444 275 477 et
308 437 506 483 Ποτιὸᾶς.
580 436 726 478 Prima
765 437 897 478 forma
929 437 1090 495 legitur
1121 437 1163 477 in
1197 437 1289 477 his:
1336 435 1463 478 Nom.
1500 437 1684 478 Ποτιδὰν

233 504 389 562 Epieh.
422 504 504 558 243
564 505 677 547 Gen.
724 506 956 552 Ποτιὸἆμος
994 504 1122 545 Pind.
1166 505 1237 546 Ol.
1279 505 1416 555 XIII,
1461 504 1501 546 5.
1542 505 1596 548 39
1637 504 1683 546 in

232 572 406 629 optimis
438 571 581 625 libris,
612 589 634 613 a
654 572 874 615 Boeekhio
896 589 981 614 non
1014 580 1127 614 recte
1159 573 1352 629 pejorum
1384 573 1593 615 librorum
1623 573 1684 615 le-

232 639 366 680 ctioni
387 641 637 687 Ποτειδᾶνος
666 640 984 697 posthabitum,
1017 642 1132 698 quod
1164 648 1346 682 metrum
1377 641 1548 683 brevem
1579 657 1683 699 pen-

232 707 424 748 ultimam
455 723 541 748 non
573 707 792 760 admittat,
839 708 927 749 vid.
963 724 1112 765 seqq.3
1158 725 1313 750 nomen
1354 709 1477 750 duxit
1513 709 1565 750 ab
1604 710 1683 750 hac

231 775 366 817 forma
397 775 602 833 oppidum
631 776 881 817 Aetolicum
915 779 1172 829 Ilozcdam'a,
1204 776 1321 834 quod
1351 784 1683 818 commemorant

229 842 511 899 Thucydides
541 843 633 895 ΙΙΙ,
668 842 724 884 96
763 850 804 884 et
835 841 1079 900 Stephanus
1108 843 1361 901 Byzantius.
1410 872 1456 875 —
1513 844 1585 885 Ad
1617 859 1682 886 se·

229 911 411 952 cundam
444 911 622 952 formam
653 910 894 967 pertinent:
939 912 1050 953 Gen.
1088 913 1338 960 Ποτειδᾶνος
1368 912 1523 969 Epieh.
1559 911 1612 953 16
1642 920 1683 954 et

228 978 273 1019 in
307 978 529 1036 pejoribus
561 976 741 1018 Pindari
769 977 895 1019 libris
929 978 1002 1020 Ol.
1034 978 1170 1028 XIII,
1205 979 1244 1020 5.
1278 980 1354 1032 39,
1389 979 1545 1021 deinde
1576 979 1683 1021 mira

228 1045 461 1087 accusativi
492 1046 626 1086 forma
649 1047 832 1086 Ποτειδᾶ
861 1048 1048 1087 Acharn.
1073 1046 1155 1089 764
1185 1048 1422 1088 secundum
1453 1047 1683 1105 plerosque

228 1112 365 1154 libros
398 1113 521 1161 (Ald.
559 1114 785 1162 ΙΙοτείδαν,
820 1113 929 1155 Rav.
965 1117 1178 1165 Ποσειδῶ)
1210 1123 1251 1157 et
1280 1115 1497 1157 vocativus
1527 1112 1560 1155 ὦ
1593 1114 1684 1157 Πό-

225 1183 358 1221 maan
395 1181 494 1232 (sic)
541 1181 583 1221 in
628 1180 742 1222 dicto
773 1180 934 1222 Rhodii
974 1182 1087 1239 apud
1117 1183 1357 1225 Aristidem
1390 1183 1527 1224 Oratt.
1572 1183 1592 1224 I
1635 1199 1678 1241 p.

227 1249 337 1301 542,
372 1250 438 1290 11.
471 1275 525 1280 —
585 1248 735 1290 Tertia
765 1249 902 1290 forma
932 1258 1106 1308 apparet
1136 1252 1248 1308 apud
1281 1250 1545 1292 Pindarum:
1589 1255 1682 1292 Πο-

229 1318 367 1356 σειδᾶν
412 1316 487 1358 Ol.
529 1317 574 1370 l,
608 1317 678 1359 26.
726 1317 861 1364 VIII,
894 1318 963 1359 31.
1010 1318 1103 1371 ΙΧ,
1137 1319 1205 1360 33.
1267 1319 1419 1360 Isthm.
1462 1318 1577 1371 Vll,
1607 1317 1678 1371 27,

230 1385 488 1432 Ποσειδᾶνος
521 1385 651 1442 Pyth.
687 1385 767 1438 IV,
802 1385 907 1438 138,
943 1387 1181 1426 Ποσειδᾶνι(
1214 1386 1287 1427 01.
1322 1385 1410 1435 VI,
1444 1386 1523 1440 58,
1566 1385 1676 1427 Voc.

229 1453 438 1493 Ποσειδᾶν
481 1452 609 1510 Pyth.
653 1453 743 1506 Vl,
790 1455 855 1496 51.
948 1454 999 1494 In
1045 1454 1222 1495 eandem
1269 1455 1448 1495 sormam
1493 1454 1681 1495 lacerum

225 1522 526 1570 (Ποσ)ειὸᾶνος
557 1521 720 1563 Lacon.
756 1521 864 1563 1335
894 1537 916 1562 a
947 1521 1168 1564 Boeckhio
1197 1522 1442 1564 restitutum
1474 1529 1551 1563 est.
1608 1521 1679 1562 ln·

225 1587 365 1629 didem
398 1587 621 1630 descendit
650 1589 912 1644 adjectivum
946 1589 1224 1638 Ποσειδάνιος
1253 1590 1383 1631 Pind.
1418 1589 1491 1631 Ol.
1517 1588 1576 1641 V,
1607 1589 1677 1630 21.

224 1654 317 1707 XI,
350 1656 417 1697 27.
469 1656 525 1697 N.
559 1656 650 1709 Vl,
684 1657 737 1698 42
776 1665 818 1698 et
857 1657 979 1699 urhis
1010 1658 1187 1700 Italicae
1218 1674 1372 1699 nomen
1407 1657 1677 1706 Ποσειδανιά,

224 1722 312 1763 vid.
355 1723 395 1776 ξ.
429 1724 513 1773 24,
556 1724 595 1765 5.
645 1750 693 1754 ⁴——
759 1725 986 1767 Postremo
1032 1734 1207 1782 quartae
1253 1727 1414 1767 formae
1460 1723 1680 1782 genitivus

227 1792 388 1831 Ποτιὸἇ
420 1797 484 1832 est
514 1791 557 1831 in
589 1791 793 1833 Helotum
828 1794 1068 1850 fragmento
1100 1794 1212 1850 apud
1243 1793 1566 1844 Herodianum,
1612 1806 1678 1832 ac—

223 1859 444 1900 cusativus
466 1861 650 1900 ΙΙοτιδᾶν
677 1860 832 1917 Epieh.
855 1860 938 1914 62,
972 1861 1193 1903 vocativus
1228 1863 1389 1902 Ποτιὸἇ
1420 1860 1574 1917 Sophr.
1603 1859 1676 1911 21,

222 1933 263 1966 ct
292 1926 395 1968 iude
435 1927 653 1968 nominata
695 1936 761 1969 cst
792 1928 1116 1970 Corinthiorum
1155 1930 1324 1971 colonia
1358 1930 1577 1968 Ποτίδαια.
1625 1950 1677 1956 -

226 1992 360 2034 Vides
405 1994 586 2050 primam
631 2003 672 2036 et
714 2003 906 2052 quartam
953 1997 1130 2037 formam
1178 1995 1362 2037 Ποτιδὰν
1413 2002 1454 2036 et
1494 1994 1678 2040 Ποτιδᾶς

222 2060 478 2102 certissimis
520 2069 561 2102 ct
601 2062 860 2104 testimoniis
904 2071 946 2105 ct
976 2063 1185 2119 exemplis
1217 2062 1478 2104 confirmari.
1552 2061 1677 2102 Hanc

222 2146 231 2167 c
275 2128 512 2185 producere
552 2128 798 2170 Meiuekius
844 2131 897 2171 ad
941 2130 1099 2188 Eupol.
1133 2130 1279 2172 Hclot.
1313 2131 1340 2171 6
1379 2128 1595 2170 intellexit
1626 2143 1679 2169 cx

222 2194 506 2252 Epiclnarmeo
549 2212 674 2238 versu
717 2198 769 2238 fr.
804 2197 858 2239 62
897 2205 939 2238 et
979 2198 1168 2239 nominis
1211 2196 1421 2239 ΙῘοτῖὸαια
1460 2195 1673 2254 analogia.

220 2263 326 2304 Inde
361 2280 412 2305 ne
447 2263 632 2304 Ποτιδάν
666 2265 840 2322 quidem
872 2265 1054 2307 mediam
1096 2265 1307 2322 syllabam
1341 2264 1556 2322 corripere
1590 2262 1677 2305 col·

221 2330 299 2387 ligi
329 2338 494 2387 potest,
529 2339 570 2373 et
598 2332 763 2373 accedit
793 2333 931 2374 Ionici
973 2335 1186 2374 ΙΙοσιδέων
1217 2333 1447 2391 analogia,
1481 2330 1600 2390 quod
1630 2329 1676 2370 in

220 2398 514 2455 Etymologici
547 2399 736 2441 Gudiani
778 2400 873 2441 loco
914 2401 1042 2442 allato
1085 2401 1152 2441 διὰ
1192 2404 1265 2443 τοῦ
1308 2419 1319 2441 ι
1351 2402 1513 2455 μακροῦ
1542 2396 1678 2440 scribi

218 2584 261 2618 62
288 2592 322 2616 ct
349 2583 485 2627 Sopllr.
516 2586 576 2623 21,
603 2586 757 2620 deinde:
784 2586 802 2620 ὁ
829 2589 863 2620 de
889 2588 968 2624 τοὺς
995 2587 1148 2625 Εἵλωτας
1175 2588 1237 2632 τὴν
1261 2592 1393 2633 γενικήν
1416 2601 1514 2632 φησι’
1541 2591 1673 2628 τέμενος

219 2640 353 2674 florido}
382 2643 507 2674 ποντία)
533 2644 628 2684 (cod.
657 2657 772 2684 τεμενο
801 2667 834 2671 -
867 2648 1020 2687 ποντίῳ).
1051 2666 1091 2670 —-
1143 2647 1345 2681 Herodian.
1373 2648 1474 2683 Oxx.
1504 2647 1574 2689 Ill,
1595 2649 1672 2687 241,

223 2701 273 2731 10.
325 2700 464 2743 Δωριεῖς
490 2701 715 2734 Ποσειδὰν
739 2696 834 2735 εἷπον
857 2702 1038 2739 [simorum.
1066 2704 1203 2737 deinde
1232 2705 1251 2737 l.
1285 2708 1322 2738 17
1386 2708 1526 2749 Δωριεῖς
1548 2702 1672 2735 Ποσει-

219 2754 282 2786 δὰν
305 2756 502 2800 βαρυτόνως
530 2758 549 2801 ἢ
579 2760 632 2790 καὶ
658 2760 826 2796 floridae·
863 2760 998 2795 Afohst
1026 2761 1179 2793 Ποτιδὰν
1203 2761 1384 2799 ὀξυτόνως,
1426 2770 1520 2802 (11180
1545 2770 1669 2793 corru-

221 2812 341 2855 ptiora
367 2825 447 2846 csse
472 2824 638 2859 apparet.
