1779 3079
255 221 349 270 116
797 221 871 268 De
901 219 1160 268 vocalibus.

251 376 305 402 ne
326 360 617 402 Romanorum
647 358 818 417 quidem
847 358 1148 417 imperatorum
1181 363 1314 398 aetate
1338 355 1465 415 plane
1486 354 1696 413 aspernati

251 435 376 482 sunt,
425 442 668 486 quanquam
698 427 743 469 in
775 426 910 468 titulis
942 442 991 467 eo
1024 433 1212 483 tempore
1243 424 1415 482 seriptis
1455 439 1520 464 nr.
1552 424 1594 465 7.
1626 423 1693 465 10.

251 496 301 537 11
349 495 421 537 all.
476 495 602 536 etiam
654 494 811 547 ἱερεύς,
866 494 1075 549 ἀρχιερεύς
1094 528 1104 543 ,
1161 493 1361 548 ἱερειτεύω
1406 489 1694 549 reperiuntur.

249 561 388 604 Valde
419 562 648 616 miramur,
687 563 802 620 quod
829 563 994 616 Ἱέρων,
1028 577 1113 603 non
1139 561 1289 614 Ἴάρων
1320 560 1479 617 legitur
1505 558 1550 599 in
1577 572 1697 598 num-

248 630 330 672 mis
361 630 588 672 Hieronil
618 630 844 688 adscriptis
875 630 988 687 apud
1015 629 1184 671 Mionn.
1219 629 1374 670 Descr.
1407 627 1427 668 I
1467 642 1510 684 p.
1545 625 1626 668 318
1655 630 1699 666 et

250 697 406 756 Suppl.
438 698 457 739 Ι
490 714 534 755 p.
561 698 668 752 453,
711 713 952 756 quanquam
983 704 1024 738 et
1054 705 1165 738 aetas
1196 697 1441 738 adversatur
1468 701 1510 736 et
1538 691 1699 734 Dorica

247 765 434 807 nominis
464 765 599 806 forma
627 766 672 806 in
702 765 822 821 galea
853 764 904 806 ab
935 764 1082 806 eodem
1113 765 1319 806 dedicata.
1386 762 1565 805 Nullinc
1596 761 1698 802 isto·
1764 779 1773 827 ,ι

247 849 342 875 rum
371 849 640 875 nummorum
671 832 853 874 Hieroni
884 832 1035 886 majori
1074 839 1187 873 recte
1227 831 1504 872 tribuuntur?
1575 827 1698 871 Judi-
1765 833 1773 871 Ξ

246 900 405 942 cahunt
445 900 520 958 qui
562 900 624 941 rei
665 899 923 940 nummariae
954 899 1178 956 peritiores
1210 905 1323 939 sunt.
1411 899 1461 939 ln
1491 896 1697 938 Hieronis
1763 909 1774 943 'J

245 967 424 1009 minoris
455 974 497 1008 et
527 966 783 1024 Hieronymi
826 966 1012 1007 nummis
1052 966 1241 1024 vulgaris
1283 967 1417 1007 forma
1444 964 1568 1006 aetati
1598 979 1696 1005 con-

245 1035 375 1078 venit.
421 1061 467 1066 —
546 1033 646 1075 Non
689 1034 844 1075 mirum
889 1040 953 1074 est
993 1033 1105 1091 apud
1149 1034 1380 1091 scriptores
1426 1031 1698 1074 librariorum

245 1102 372 1160 culpa
401 1101 606 1143 Doricam
639 1101 938 1159 proprietatem
967 1102 1141 1143 oblitam
1182 1118 1303 1155 esse,
1347 1106 1394 1141 ut
1433 1101 1578 1154 ἱερεῖον
1616 1106 1697 1140 tra·
1762 1120 1765 1153 Ι

245 1170 361 1211 ditur
389 1169 574 1227 Lysistr.
609 1170 689 1222 84,
719 1171 833 1222 ἱερᾶς
865 1168 1023 1227 Sophr.
1055 1170 1135 1224 98,
1168 1169 1282 1227 quod
1311 1167 1589 1210 correximus.

357 1238 542 1291 ἱάραξ,
577 1236 697 1291 ἰχθὺς
727 1236 846 1285 ποιὸς
876 1238 1177 1294 Δωρικώτερον
1208 1237 1400 1294 Hesych.
1419 1267 1431 1290 ⁷
1463 1235 1575 1276 unde
1606 1249 1697 1277 cor-

245 1305 433 1348 reximus
463 1306 622 1360 ἱὲρακες
653 1304 806 1362 Epich.
833 1304 902 1347 45.

357 1375 558 1427 ἴρανες,
605 1374 750 1426 εἴρενες
791 1372 866 1424 (01.
901 1370 1110 1428 εἴρωνες),
1157 1376 1193 1414 οἱ
1235 1373 1424 1427 ἄρχοντες
1467 1373 1692 1422 ἡλικιῶται.

246 1440 463 1489 διώκοντες
493 1438 610 1496 (fort.
646 1439 866 1489 Λάκωνες)
898 1440 1090 1498 Hesych.
1164 1440 1366 1498 Ephebos
1397 1457 1420 1481 a
1449 1439 1696 1482 Laconibus
1762 1434 1764 1473 l

246 1509 401 1562 εἴρενας
443 1514 613 1549 vocatos
655 1524 749 1550 csse
788 1515 977 1565 constat3
1030 1508 1121 1564 jam
1160 1508 1347 1565 genuina
1375 1508 1478 1564 'ejus
1509 1507 1696 1549 nominis
1762 1518 1779 1576 ‚

244 1575 380 1616 forma
410 1576 545 1631 ἴρανες
574 1590 667 1617 esse
698 1576 880 1618 videtur.

357 1644 593 1697 μέγαθος
631 1660 710 1701 pro
748 1645 946 1698 μέγεθος,
1006 1644 1119 1702 quod
1150 1644 1395 1686 Herodotus
1435 1645 1694 1702 frequentat,

244 1711 289 1752 in
320 1711 551 1754 Philoxeni
589 1710 887 1769 dithyrambici
927 1713 1165 1769 fragmento
1202 1712 1361 1769 legitur
1390 1712 1502 1769 apud
1531 1712 1693 1754 Athen.

244 1778 310 1819 IV
350 1796 393 1837 p.
428 1779 523 1821 147.
559 1778 622 1833 C,
682 1779 758 1837 qui
798 1795 930 1837 quum
968 1780 1253 1821 reconditiora
1292 1780 1497 1837 quaedam
1535 1780 1695 1822 Dorica

245 1861 333 1887 non
374 1853 626 1903 aspernetur
664 1863 882 1904 quumque
921 1847 1015 1905 ipsa
1054 1848 1188 1889 forma
1218 1847 1511 1904 antiquitatem
1542 1847 1693 1905 sapiat,

244 1913 391 1955 nescio
426 1929 478 1954 an
509 1930 607 1956 vere
638 1914 846 1956 Doricum
875 1915 1116 1956 habendum
1146 1915 1215 1955 sit.

359 1980 614 2032 Πάυαμος
645 1982 805 2023 mensis
839 1997 994 2023 nomen
1024 1999 1102 2039 pro
1133 1982 1298 2039 vulg-ari
1319 1981 1509 2034 Πάνεμος
1536 1981 1695 2037 legitur

245 2046 288 2087 in
321 2047 475 2088 tabulis
507 2049 896 2101 Heracleensihus‚
927 2049 1086 2107 Delph.
1116 2049 1221 2092 1702
1251 2057 1291 2091 et
1320 2050 1364 2090 in
1395 2050 1507 2091 vasis
1528 2052 1692 2091 Aeren-

245 2114 363 2155 sibus
393 2113 509 2156 Mus.
545 2116 685 2156 Rhen.
717 2115 783 2156 IV
811 2132 852 2173 p.
875 2117 944 2158 85.

358 2181 525 2230 πιάζω
557 2199 632 2240 pro
664 2185 787 2232 πιέζει)
819 2192 859 2224 ct
895 2184 1100 2226 Doricum
1134 2193 1306 2227 vocatur
1327 2190 1360 2236 ⁴)
1402 2193 1443 2227 et
1473 2185 1585 2244 apud
1614 2185 1691 2227 Al-

246 2265 435 2290 cmanem
468 2250 625 2307 legitur
653 2252 705 2292 fr.
738 2252 793 2293 70
824 2251 956 2293 Schn.
990 2269 1041 2293 cx
1072 2252 1307 2294 Herodiani
1338 2273 1380 2294 n.
1399 2272 1441 2307 μ.
1461 2260 1495 2295 λ.
1528 2254 1608 2305 44,
1642 2253 1693 2295 10

246 2317 515 2372 testimonio,
558 2318 698 2367 πιάξαι
727 2319 912 2360 Theocr.
946 2320 1025 2372 IV,
1058 2320 1111 2362 35
1140 2328 1181 2361 et
1210 2321 1292 2378 Ep.
1325 2321 1365 2362 6.

361 2385 584 2439 σκιαρός
614 2386 741 2427 Pind.
769 2386 839 2427 Ol.
866 2387 942 2437 111,
980 2388 1043 2430 14.
1082 2388 1130 2430 19
1160 2396 1273 2430 recte
1304 2388 1513 2431 Doricum
1542 2388 1688 2431 haberi

291 2613 327 2649 4)
378 2615 469 2646 Ann.
508 2614 607 2647 Oxx.
648 2615 684 2655 1,
711 2618 796 2654 367,
825 2617 844 2649 9
888 2634 917 2638 —
975 2617 1030 2649 151.
1066 2617 1112 2649 M.
1147 2618 1232 2657 671,
1267 2618 1309 2650 29
1359 2635 1391 2639 -
1448 2615 1547 2648 Eust.
1589 2618 1686 2657 1573,

248 2672 302 2704 63.
358 2670 436 2703 Non
466 2671 581 2704 minus
609 2670 789 2705 ὑπωπιάζω
820 2673 990 2706 Douicnm
1018 2674 1198 2716 judicatur
1229 2677 1317 2707 Anu.
1346 2674 1444 2707 Oxx.
1474 2673 1511 2714 1,
1538 2673 1616 2711 232,
1643 2674 1686 2707 26

249 2748 286 2752 ——
329 2728 384 2769 11,
411 2731 496 2771 339,
525 2730 579 2762 Et.
609 2731 650 2763 G.
680 2733 744 2772 «15,
771 2733 809 2764 41
858 2754 875 2756 -r
923 2733 1003 2773 311,
1031 2736 1071 2770 9,
1110 2732 1171 2765 scd
1214 2732 1248 2765 id
1278 2732 1370 2764 male
1395 2742 1414 2763 a
1440 2730 1686 2774 grammaticis

248 2784 380 2817 lectum
407 2796 456 2819 est
487 2798 551 2829 pro
580 2785 784 2831 ι’-ηωπιιίῖω,
811 2789 906 2831 quod
936 2789 1123 2823 descendit
1151 2790 1195 2822 ab
1223 2788 1386 2822 ὑπώπιον.
1758 2763 1762 2808 l
