1779 3079
466 155 509 215 §.
538 155 616 204 47.
689 157 763 202 De
798 153 1023 201 universa
1060 152 1256 201 Doride.
1499 154 1598 203 395

147 289 486 333 Catacollomcui
525 290 623 331 loco
664 304 791 346 snpra
830 287 960 329 allato
1000 295 1173 330 tuentur
1201 287 1426 330 addicente
1455 288 1596 346 Hesy-

144 358 232 401 chii
265 357 410 416 glossa
440 357 703 406 παντάνα,
734 356 942 410 τρυβλίον.
1017 356 1168 413 ltaque
1198 356 1397 398 omnibus
1429 372 1598 419 compa-

143 426 248 468 ratis
292 425 397 468 satis
438 433 601 468 certum
639 424 872 477 habemus,
914 422 1144 464 Siceliotas
1184 439 1333 467 vocem
1374 424 1533 466 πατάνα
1573 441 1597 467 e

142 493 302 535 Latino
343 493 534 551 patina
574 493 734 535 fecisse
772 489 890 547 (nam
928 490 1043 548 apud
1073 490 1254 534 Latinos
1286 492 1433 535 eadem
1466 493 1599 551 stirps

140 561 271 603 latius
302 568 455 620 regnat
483 568 529 602 nt
559 561 604 602 in
634 561 866 618 patera),
897 574 1080 616 eamque
1109 565 1150 600 et
1179 575 1256 616 pcr
1274 561 1480 603 rusticam
1500 576 1598 618 pro-

140 629 456 671 nuntiationem
487 629 532 670 in
562 628 721 681 βατάια
751 628 952 679 (fortasse
971 628 1098 669 etiam
1118 626 1318 679 παντάνα)
1350 629 1598 687 corrupisse

141 704 182 739 ct
211 697 264 739 ad
292 698 487 754 reliquos
519 696 710 738 Graecos
740 695 1004 738 recentiores
1034 695 1344 737 transmisisse.

253 763 472 815 πόλτος,
516 781 601 822 qua
640 779 742 806 voce
775 764 1061 821 Epicharmus
1102 762 1238 804 utitur
1278 763 1333 804 fr.
1367 764 1447 817 11,
1494 764 1597 807 item

141 847 163 873 a
193 831 449 874 Latinorum
491 834 649 890 pulte
688 832 953 875 descendere
993 831 1135 874 visum
1166 838 1232 873 est
1261 831 1487 874 nonnullis
1520 830 1595 886 ¹8).

141 898 229 942 Sed
260 916 391 958 quum
416 901 508 957 jam
527 901 714 943 Alcman
744 900 923 942 eandem
945 899 1132 950 noverit,
1163 900 1216 941 ab
1241 898 1412 957 origine
1435 899 1599 942 Graeca

140 983 236 1010 csse
265 968 452 1010 videtur.

254 1035 437 1090 ρογός,
489 1035 689 1078 Siculum
729 1036 963 1086 nomen19)
1003 1035 1145 1077 horrei
1187 1035 1376 1094 granarii
1415 1037 1599 1079 fortasse

141 1118 239 1146 cum
270 1104 428 1146 Latino
467 1119 635 1161 rogus
673 1109 789 1145 recte
828 1102 1129 1160 componitur,
1175 1120 1422 1163 quanquam
1466 1104 1599 1159 hujus

143 1170 402 1229 significatio
432 1171 487 1215 ad
517 1171 645 1214 aliam
675 1186 766 1213 rem
797 1170 961 1213 detorta
991 1179 1071 1214 est.

794 1295 836 1348 g,
866 1295 938 1337 47.

575 1387 656 1420 De
690 1389 922 1421 universa
953 1389 1161 1422 Doride.

254 1484 299 1535 1)
337 1483 574 1540 Postquam
606 1482 858 1540 singulatim
890 1483 1134 1541 expositum
1163 1491 1252 1538 est,
1286 1484 1446 1542 quibus
1468 1485 1599 1527 rebus

141 1550 212 1593 vel
249 1550 449 1594 universa
486 1551 621 1593 Doris
661 1552 733 1594 vel
772 1552 890 1594 varia
936 1552 1031 1608 ejus
1074 1568 1232 1610 genera
1278 1568 1375 1594 cum
1414 1552 1598 1611 reliquis

141 1618 330 1661 Graecae
368 1619 544 1676 linguae
586 1619 808 1673 dialectis,
854 1619 1085 1677 praecipue
1126 1636 1222 1661 cum
1253 1620 1400 1662 Attica
1430 1628 1472 1662 et
1501 1636 1598 1663 cum

139 1685 293 1744 lingua
312 1687 484 1744 vulgari
506 1687 846 1745 discrepucriut,
877 1694 1008 1729 restat
1038 1696 1085 1729 ut
1115 1688 1310 1745 dispersa
1340 1688 1599 1745 colligamus

142 1761 271 1811 atque
299 1754 345 1796 in
376 1770 512 1796 unum
543 1764 823 1814 conspectum
862 1754 1124 1812 redigamus.
1187 1756 1338 1814 Itaque
1376 1757 1489 1799 infra
1528 1772 1598 1799 va-

142 1822 231 1864 rias
259 1822 441 1864 Doridis
478 1823 790 1880 discrepantias
834 1823 1077 1865 accuratius
1117 1823 1437 1881 distinguemus
1470 1832 1599 1883 atque

143 1889 467 1943 describemus,
510 1907 636 1948 quam
667 1890 718 1932 ab
751 1891 943 1948 antiquis
975 1891 1268 1949 grammaticis
1303 1890 1411 1948 (vid.
1431 1892 1598 1946 §.2,2)

141 1957 302 1999 factum
347 1965 439 2012 estg,
498 1974 614 1999 nunc
656 1958 898 2001 levioribus
947 1959 1150 2002 omnihus
1202 1968 1245 2002 ct
1291 1960 1598 2003 incertioribus

143 2024 317 2066 omissis
345 2025 391 2065 in
425 2025 686 2068 succinctam
716 2026 1028 2070 enarrationem
1050 2028 1325 2086 congerenda
1347 2036 1473 2082 sunt,
1504 2029 1599 2087 qui-

142 2091 226 2133 hus
260 2093 453 2135 omnium
484 2093 766 2135 Doriensium
796 2094 947 2153 lingua
977 2095 1168 2153 insignis
1198 2096 1298 2138 fuit.
1358 2097 1597 2139 Enumera-

142 2158 288 2201 bimus
318 2176 406 2202 non
437 2161 596 2212 solum,
628 2177 737 2219 quae
758 2162 917 2205 Doridi
939 2164 1176 2223 peculiaria
1205 2172 1330 2219 sunt,
1367 2164 1444 2207 scd
1469 2164 1596 2208 ctiam

144 2242 254 2286 quae
284 2243 382 2269 eum
412 2229 608 2272 Aeolicis
640 2230 835 2274 dialectis
865 2232 1126 2275 communia.

193 2382 251 2424 18)
299 2381 422 2416 Varro
460 2382 506 2416 de
537 2383 581 2417 L.
609 2384 652 2417 L.
682 2385 727 2424 V,
756 2387 818 2420 105
855 2386 1026 2429 ,‚puls:
1070 2386 1158 2420 haec
1191 2387 1380 2432 appellata
1410 2388 1469 2423 vel
1494 2389 1593 2432 quod

144 2437 196 2473 ita
219 2439 374 2481 Graeci,
418 2440 475 2473 vel
510 2441 555 2473 ab
591 2452 634 2474 eo
669 2443 765 2476 unde
795 2443 924 2478 scribit
948 2444 1224 2488 Apollodorus,
1262 2445 1361 2488 quod
1394 2446 1444 2480 ita
1477 2454 1595 2490 sonet,

144 2507 255 2539 quum
279 2507 396 2539 aquae
433 2498 588 2532 ferventi
624 2499 839 2544 insipitur.“
890 2501 1167 2545 Apollodorus,
1206 2503 1355 2548 Heynio
1386 2505 1597 2550 suspicante

144 2553 189 2587 ad
216 2554 393 2598 Apollod.
422 2556 440 2589 I
466 2566 500 2599 p.
516 2557 602 2598 441,
628 2556 666 2590 id
690 2557 836 2594 dixerat
861 2559 898 2592 in
925 2558 1024 2592 libro
1049 2560 1128 2606 περὶ
1149 2558 1374 2606 Ἐπιχάρμου.

190 2611 249 2654 19)
297 2611 397 2646 Poll.
427 2613 508 2654 IX,
533 2615 588 2648 45.
639 2618 752 2649 ταῦτα
776 2617 810 2650 δὲ
837 2616 895 2658 (τὰ
922 2616 1116 2659 σιτοβόλια,
1151 2616 1197 2650 τοὶ
1220 2621 1339 2665 πυρῶν
1362 2620 1501 2660 ταμεῖα)
1537 2620 1594 2666 ῥο-

143 2667 223 2709 γοὺς
245 2669 450 2702 Σικελιῶται,
474 2669 665 2711 ὠνόμαζον·
692 2675 749 2707 καὶ
773 2676 842 2708 ἔστι
865 2675 1018 2716 τοῦνομα
1041 2676 1074 2709 ἐν
1095 2675 1310 2725 Ἐπιχάρμου
1337 2676 1521 2725 Βουσίριδι.
1550 2698 1592 2704 -

146 2724 307 2770 Hesych.
334 2727 478 2773 ῥογοί,
504 2728 578 2776 ὅροι
590 2731 632 2773 (3)
657 2733 795 2772 σιτικοί,
821 2735 1050 2776 σιτοβολῶνες.
