1779 3079
221 169 321 219 218
624 165 697 212 De
733 163 932 212 dialecto
968 164 1247 212 Thessalica.

221 305 468 348 morabilem
521 301 566 342 in
606 299 776 341 modum
820 300 1045 342 Boeoticae
1086 300 1266 344 dialecto
1320 299 1519 342 convenit
1560 315 1656 343 cum

219 372 614 415 Neo-Graecorum
651 368 1019 425 pronuntiatione,
1066 384 1174 424 qnae
1217 383 1347 424 quum
1385 368 1460 408 illa
1496 373 1537 408 Ξῖ
1566 368 1610 408 in
1636 371 1656 406 ῖ

221 449 263 483 et
304 440 345 480 ἇῖ
387 439 432 479 in
470 435 496 487 ἧ
535 444 690 486 mutet,
751 436 1034 492 diphthongos
1064 452 1134 476 eas
1164 436 1312 476 eodem
1342 451 1446 476 sono
1478 437 1655 491 profert,

220 507 374 550 deinde
406 504 454 558 ἦ,
501 504 616 561 quod
644 504 795 546 Boeoti
824 502 867 542 in
899 500 934 542 Ξῖ
972 510 1155 551 mutant,
1204 519 1312 543 nova
1352 502 1582 543 mutatione
1610 502 1656 543 in

221 591 374 618 sonum
412 580 431 610 ῖ
473 571 621 626 afficit,
672 571 854 626 denique
894 569 1073 610 eundem
1112 570 1261 611 tribuit
1291 570 1554 628 diphthongo
1595 574 1654 622 ὄῖ,

220 659 327 700 quae
357 639 530 682 Boeotis
559 639 602 679 in
635 638 817 678 similem
848 653 997 677 sonum
1043 645 1064 676 ῡ
1094 638 1331 679 transierat.
1419 637 1656 678 verissime

219 709 458 753 Boeekhius
509 724 552 764 p.
598 707 679 747 718
727 704 962 760 judicavit7
1015 720 1066 745 ex
1107 705 1185 746 hac
1238 704 1329 762 ipsa
1374 704 1655 746 similitudine

217 777 444 821 Boeoticae
487 774 718 832 scripturae
758 779 799 813 et
827 771 1152 813 Neo-Graecae
1196 773 1554 829 pronuntiationis
1583 787 1654 829 ap—

216 861 390 904 parere,
455 858 541 883 non
594 848 706 882 reete
762 839 941 896 reliquis
981 839 1240 881 Graecorum
1293 839 1486 880 dialectis
1534 837 1654 879 Neo-

217 913 422 954 Graceam
462 908 851 966 pronuntiationem
890 907 1081 960 obtrudi,
1124 907 1252 964 quia,
1293 907 1379 949 nisi
1410 907 1561 949 Boeoti
1592 906 1654 948 di-

215 997 337 1023 versa
376 995 398 1020 a
426 976 606 1033 reliquis
635 974 980 1033 pronuntiatione
1012 974 1078 1015 usi
1109 983 1279 1024 essent,
1322 991 1408 1015 non
1439 973 1653 1029 intellige-

212 1057 357 1097 retur,
403 1062 478 1087 cur
518 1043 769 1100 scripturam
808 1049 1055 1083 mutassent.
1144 1041 1225 1082 Cui
1254 1052 1501 1098 argumento
1542 1041 1653 1082 haud

212 1117 414 1171 exignum
458 1120 717 1155 momentum
757 1109 948 1161 accedit,
1010 1110 1047 1151 si
1089 1119 1201 1151 recte
1246 1108 1303 1166 (ἓ.
1337 1109 1411 1165 41)
1449 1108 1654 1167 suspicati

216 1200 382 1231 sumus,
432 1188 604 1239 propter
634 1180 770 1236 ipsam
798 1177 1026 1219 Boeoticae
1056 1177 1415 1234 pronuntiationis
1445 1194 1467 1218 a
1497 1176 1653 1219 vicinis

213 1251 388 1310 populis
419 1247 744 1304 discrepantiam
766 1277 778 1300 7
811 1245 1060 1301 scripturam
1090 1252 1281 1286 novatam
1312 1261 1420 1285 esse.
1456 1271 1510 1277 —-
1566 1243 1652 1285 Ne-

212 1336 296 1377 que
339 1326 477 1358 tamen
523 1313 728 1356 credibile
772 1321 836 1354 est
879 1314 930 1353 ab
972 1312 1081 1370 ipsis
1118 1312 1291 1354 Boeotis
1329 1320 1370 1353 et
1409 1312 1651 1364 Thessalis,

212 1403 318 1444 quae
348 1384 555 1426 nonnulla
586 1381 741 1424 similia
786 1380 965 1429 habent,
1015 1380 1225 1421 vocalium
1263 1379 1652 1437 pronuntiationem

209 1455 256 1496 in
300 1451 633 1494 recentissimam
672 1448 859 1490 omnium
902 1448 1160 1489 Graecorum
1202 1449 1393 1505 lingnam
1447 1455 1651 1489 transma-

210 1537 350 1563 nasse.
413 1519 498 1560 Sed
529 1534 635 1576 quae
664 1517 784 1574 prius
814 1516 925 1571 apud
955 1516 1054 1557 illos
1084 1524 1332 1571 regnaverat
1357 1515 1525 1557 vocales
1554 1530 1649 1571 pro-

207 1588 376 1630 ferendi
414 1587 546 1635 ratio,
591 1585 811 1643 paullatim
852 1583 964 1641 apud
993 1583 1183 1640 reliquos
1213 1584 1400 1625 Graecos
1430 1599 1516 1624 non
1555 1582 1649 1623 imi-

208 1659 395 1710 tatione,
448 1655 524 1696 sed
552 1653 802 1695 necessitate
833 1651 1010 1709 quadam
1050 1651 1231 1692 naturali
1272 1650 1502 1692 invaluisse
1532 1650 1649 1692 vidc-

210 1733 292 1766 tur.
352 1724 420 1765 De
452 1740 534 1781 qua
565 1738 610 1764 re
638 1736 752 1762 nune
781 1719 911 1761 verbo
939 1718 1156 1760 monuisse
1186 1719 1380 1761 sufficiat.

442 1942 555 1994 De
591 1936 914 1994 dialecto
950 1937 1400 1993 Thessalica.

849 2100 887 2162 g.
927 2105 995 2147 50.

318 2198 361 2253 l)
406 2198 471 2240 De
500 2198 805 2240 Thessalorum
836 2198 1046 2252 dialecto,
1089 2215 1212 2255 quam
1243 2197 1378 2239 Attici
1410 2199 1512 2240 satis
1550 2199 1642 2241 bar·

205 2267 346 2307 haram
371 2266 617 2322 judicarunt
648 2265 752 2321 (vid.
787 2263 825 2322 ἓ.
849 2264 947 2321 49),
994 2266 1248 2322 paucissima
1277 2274 1489 2323 comperta
1519 2267 1642 2307 habo-

204 2351 325 2388 mus3
387 2351 524 2391 neque
564 2335 677 2376 enim
717 2335 833 2375 ullus
870 2334 1052 2390 scriptor
1089 2350 1135 2375 ea
1180 2351 1284 2375 usus
1321 2350 1416 2375 esse
1459 2334 1641 2385 videtur,

203 2418 342 2459 neque
379 2402 639 2458 grannnatici
679 2418 727 2442 ea
776 2401 866 2457 ipsa
912 2401 962 2441 de.
1005 2417 1128 2443 eausa
1175 2401 1258 2442 nisi
1300 2401 1515 2443 rarissime
1552 2418 1641 2442 eain

204 2478 555 2522 commemorant,
614 2486 753 2526 neque
797 2468 1097 2525 inscriptiones
1139 2469 1314 2525 genuini
1359 2469 1643 2510 'l'twssatisnni

205 2535 453 2577 ‹hun-menta
501 2537 701 2593 praebent
750 2537 893 2592 plures
934 2552 1057 2591 qnam
1097 2537 1202 2577 duae
1245 2537 1346 2577 satis
1386 2537 1534 2576 breves
1575 2552 1638 2576 nr.

208 2604 313 2643 '1766
342 2612 383 2644 et
416 2605 520 2646 17157
542 2609 593 2658 ¹),
625 2621 708 2662 quo
738 2602 942 2644 accedunt
973 2603 1169 2645 nonnulli
1200 2601 1360 2644 111111111ιί
1381 2601 1638 2644 Thessalici.

228 2699 523 2706 ---—-.-—---—.7..-

250 2757 282 2796 1)
332 2755 396 2788 Nr.
428 2759 512 2791 1766
541 2757 634 2790 haud
662 2755 788 2800 procul
816 2766 835 2788 a
862 2754 1026 2788 Larissa:
1054 2751 1223 2789 Ἀπλοι-ιί
1248 2751 1339 2798 need.
1369 2766 1413 2787 ιοι
1439 2757 1641 2788 ἔοι-ωηατ-
