1779 3079
233 206 298 232 ΧΠ

233 385 299 419 De

227 885 297 919 De

1594 326 1687 370 Pag.

334 382 685 419 declinatione.
759 410 1574 418 ...............
1623 386 1692 420 222

323 442 383 476 De
408 440 664 475 declinatione
688 440 717 475 1.
767 441 796 484 §.
822 443 865 476 28
869 466 1573 477 .............
1621 443 1690 479 223

321 500 382 534 De
408 499 658 534 declinatione
681 498 731 533 11.
772 499 801 542 §.
825 501 871 535 29
874 526 1573 534 .............
1622 501 1691 536 226

323 559 381 592 De
405 557 656 592 declinatione
681 557 753 592 111.
804 558 832 600 §.
858 560 913 593 30.
987 584 1571 592 ...........
1621 559 1689 593 228

322 617 381 650 De
407 615 663 651 declinatione
688 615 871 649 anomala.
933 617 961 659 §.
988 618 1042 652 31.
1104 642 1572 651 .........
1621 617 1689 652 239

320 675 380 709 De
405 673 687 720 pronominibus
714 674 977 719 personalibus
1003 682 1039 708 et
1062 673 1297 719 possessivis.
1336 674 1364 717 §.
1389 675 1446 710 32.
1505 701 1512 707 .
1563 699 1570 707 .
1620 674 1688 708 247

319 734 380 768 De
407 733 564 777 reliquis
591 730 885 778 pronominibus.
933 732 960 774 ξ).
985 733 1029 767 33
1034 758 1570 767 ..........
1620 731 1687 767 264

322 791 381 826 De
406 791 669 826 numeralibus.
721 791 737 833 §
776 791 818 825 34
824 815 1570 824 ..............
1618 791 1687 825 278

330 883 688 928 conjugatione.
756 908 1569 917 ...............
1618 883 1686 917 282

320 955 378 989 De
402 961 643 999 systematum
670 951 901 986 formatione.
950 952 980 995 §.
1006 952 1052 986 35
1055 977 1568 985 ..........
1617 952 1686 986 283

317 1013 377 1046 De
401 1010 674 1055 conjugationis
701 1009 843 1044 ratione
868 1009 1062 1042 communi.
1111 1010 1139 1051 §.
1164 1010 1208 1045 36
1213 1035 1568 1042 .......
1618 1009 1684 1043 291

316 1070 375 1104 De
401 1069 662 1113 conjugatione
690 1068 727 1101 in
755 1081 790 1100 ω.
840 1068 867 1110 §.
893 1069 936 1102 37
941 1093 1567 1101 ............
1616 1067 1683 1101 301

314 1128 374 1162 De
400 1128 648 1173 praesentium
683 1133 955 1160 contractorum
989 1132 1024 1159 et
1058 1125 1264 1159 futurorum
1298 1123 1567 1168 conjugatione.

359 1187 387 1228 ξ.
415 1188 460 1222 38
464 1209 1566 1221 ....................
1614 1183 1683 1217 307

312 1244 372 1278 De
397 1244 657 1288 conjugatione
687 1243 723 1277 in
758 1257 805 1282 μι.
865 1243 893 1285 §.
918 1243 974 1277 39.
1036 1266 1566 1275 ..........
1615 1239 1682 1273 311

313 1302 373 1336 De
400 1303 514 1336 verbo
541 1301 619 1342 εἰμι’.
657 1302 687 1344 ξ.
711 1302 757 1336 ΔΟ
761 1325 1566 1336 ...............
1614 1298 1683 1332 318

312 1361 371 1395 De
397 1360 658 1404 conjugatione
683 1358 841 1405 perfecti
873 1365 910 1393 et
942 1358 1074 1393 aoristi
1107 1357 1233 1403 primi.
1281 1358 1309 1401 §.
1334 1359 1391 1393 41.
1442 1384 1448 1390 .
1499 1383 1506 1391 .
1558 1383 1566 1390 .
1614 1355 1683 1391 328

313 1418 372 1452 De
399 1419 661 1462 conjugatione
687 1417 867 1452 anomala.
916 1417 945 1460 §.
972 1418 1025 1451 42.
1093 1445 1098 1450 .
1152 1445 1157 1450 .
1209 1444 1215 1450 .
1268 1444 1291 1463 ,ι
1326 1444 1331 1450 .
1385 1444 1392 1449 .
1443 1443 1450 1449 .
1501 1443 1506 1448 .
1558 1442 1564 1448 .
1613 1415 1680 1448 337

310 1477 370 1510 De
396 1476 752 1522 praepositionibus.
809 1475 837 1518 §.
865 1476 920 1510 43.
982 1501 1565 1510 ...........
1613 1473 1680 1508 353

313 1535 371 1568 De
397 1534 588 1569 adverbiis
613 1534 688 1569 loci
715 1541 752 1568 et
776 1534 965 1578 temporis.
1004 1535 1032 1578 §.
1060 1535 1103 1568 44
1109 1558 1564 1568 .........
1613 1532 1680 1566 361

312 1593 371 1626 De
397 1592 512 1627 variis
539 1592 744 1639 particulis.
808 1595 837 1635 §.
862 1594 919 1627 45.
979 1615 1562 1626 ...........
1612 1590 1681 1624 378

310 1650 428 1685 Varia
453 1652 644 1694 quaedam.
696 1652 724 1695 §.
750 1652 806 1686 46.
864 1675 1564 1685 .............
1613 1648 1681 1683 386

310 1709 371 1743 De
396 1709 570 1744 universa
594 1709 752 1743 Doride.
811 1710 838 1752 §.
865 1711 920 1744 47.
977 1733 1559 1744 ...........
1611 1707 1679 1740 395

312 1767 369 1801 De
396 1768 542 1802 mitiore
568 1767 725 1802 Doride.
766 1768 794 1810 §.
824 1768 868 1802 48
874 1793 1562 1801 .............
1611 1765 1679 1799 403

310 1826 368 1860 De
392 1826 582 1860 severiore
607 1825 764 1860 Doride.
814 1826 841 1869 §.
870 1827 915 1860 49
920 1850 1561 1859 ............
1609 1823 1675 1857 ΔΗ

308 1884 366 1917 De
394 1884 551 1918 Doridis
577 1895 750 1928 generum
778 1893 813 1918 et
840 1883 1047 1928 specierum
1074 1882 1233 1926 origine.
1282 1882 1309 1923 §.
1338 1883 1393 1916 50.
1438 1909 1444 1913 .
1496 1908 1503 1914 .
1554 1908 1559 1913 .
1610 1882 1677 1916 423

219 1976 483 2020 Appendix.

310 2046 336 2078 1.
386 2044 600 2089 Epicharmi
640 2046 853 2089 fragmenta.
915 2071 1558 2079 ............
1607 2045 1674 2078 535

307 2103 358 2137 11.
408 2102 618 2147 Sophronis
645 2104 850 2147 fragmenta
853 2128 1557 2138 .............
1607 2102 1674 2136 464

308 2160 380 2193 111.
430 2161 702 2195 Timocreontis
728 2161 869 2195 Rhodii
900 2161 1083 2204 reliquiae
1109 2161 1273 2195 Doricae
1278 2187 1556 2194 ......
1606 2159 1673 2193 477
1735 2197 1739 2202 ,

308 2218 377 2253 IV.
426 2218 724 2253 Chelidonismus
753 2231 950 2264 puerorum
977 2219 1209 2253 Rhodiorum
1216 2245 1555 2253 .......
1605 2218 1674 2252 478
1730 2259 1741 2272 r

309 2276 354 2311 V.
403 2276 669 2321 Spartanorum
703 2284 738 2311 et
775 2277 1001 2321 Argivorum
1038 2278 1197 2311 foedera.
1249 2276 1422 2321 Thucyd.
1449 2276 1486 2311 V
1526 2286 1556 2309 c.

353 2337 407 2368 77.
445 2336 500 2369 79,
565 2361 1555 2370 ..................
1603 2335 1672 2369 480
1724 2365 1727 2369 ,

308 2392 375 2427 vl.
427 2392 612 2426 Laconica
637 2393 815 2435 quaedam
821 2419 1554 2428 ..............
1603 2393 1672 2429 482
1742 2415 1743 2420 =

306 2449 398 2484 Vll.
449 2450 650 2485 Decretum
677 2450 991 2496 Amphictyonum
1017 2453 1130 2497 Corp.
1164 2453 1276 2486 inser.
1304 2463 1358 2486 nr.
1390 2453 1486 2486 1688.
1547 2478 1553 2484 .
1603 2451 1671 2487 48⁴

217 2545 443 2579 Addenda
478 2551 521 2579 et
555 2544 863 2589 Corrigenda.

315 2615 365 2647 Ad
397 2614 550 2648 Librum
580 2614 608 2648 1.
682 2642 1550 2650 ................
1599 2615 1668 2649 495

309 2673 362 2705 Ad
392 2672 545 2706 Librum
574 2673 611 2706 ll
616 2700 1551 2708 .................
1600 2674 1666 2708 551

308 2730 535 2774 Epimetrum
563 2731 607 2764 ad
644 2738 838 2774 utrumque
866 2731 1019 2765 Librum
1025 2759 1549 2766 ..........
1599 2733 1665 2766 577
1707 2762 1712 2767 .
1735 2759 1737 2763 .
