1779 3079
201 157 302 205 200
636 157 711 202 De
746 155 948 203 dialecto
984 156 1222 204 Boeotica.

206 294 316 338 Nam
347 295 531 353 primum
555 292 793 335 Thessalos
824 293 850 342 ἧ
880 300 1042 334 mutare
1073 292 1119 334 in
1149 301 1210 343 Ξῖ,
1245 294 1321 335 sed
1350 292 1534 335 retinere
1564 300 1590 332 ῦ
1619 300 1661 334 et

208 369 277 417 ᾶῖ,
321 363 407 404 nisi
447 361 563 419 qnod
604 361 736 402 semel
777 365 821 401 ἇέ
859 360 1066 417 scriptum
1108 361 1370 419 reperiatur,
1415 360 1659 402 videbimus

205 432 318 472 infra
358 427 396 487 ξ.
432 431 508 483 50,
558 429 714 471 deiude
756 435 801 470 ῦῦ
827 441 916 486 'pro
955 433 1001 477 ὗ,
1055 429 1171 486 quod
1201 429 1451 470 Laconibus
1492 428 1537 469 in
1575 444 1660 470 usu

205 499 345 539 fuisse
385 497 685 555 Hesychianae
724 496 907 537 maxime
945 495 1115 551 glossae
1157 497 1336 550 docent,
1391 512 1479 538 non
1523 496 1661 538 fuisse

207 565 466 624 antiquioris
506 564 654 607 aetatis
698 580 750 605 ex
779 563 1006 604 Alemannis
1049 564 1249 622 reliquiis
1281 571 1322 605 et
1352 563 1661 620 Aristophanis

205 632 445 690 Lysistrata
495 633 700 688 colligere
749 631 875 685 licet,
926 630 1002 671 ubi
1055 632 1223 673 nullum
1273 632 1368 688 ejus
1425 631 1661 689 scripturae

203 700 435 758 vestigium
464 707 651 760 apparet.

319 768 380 810 At
421 784 589 810 omnem
639 774 831 809 nostram
870 765 921 807 de
976 766 1260 811 mutationum
1312 767 1485 809 illarum
1527 775 1662 810 aetate

205 844 333 895 atque
371 836 541 894 origine
573 834 905 892 disputationem
938 833 1155 877 Corinnae
1196 835 1382 876 carmina
1422 830 1663 893 pervertere

204 905 433 955 videntur,
477 904 522 945 in
553 903 712 960 quibus
744 906 790 943 δῦ
819 917 895 958 pro
928 905 973 951 17,
1015 910 1039 951 ἢ
1072 918 1149 959 pro
1181 910 1251 953 ᾶῖ,
1282 908 1301 940 ἶ
1330 919 1407 960 pro
1436 910 1474 944 Ξῖ
1505 903 1662 960 scripta

204 972 342 1014 fuisse
385 971 638 1012 certissimis
683 969 959 1028 antiquorum
993 970 1365 1027 grannnaticorum
1404 971 1661 1013 testimoniis

206 1048 248 1082 ct
287 1039 496 1097 exemplis
537 1038 728 1080 docetur.
801 1037 891 1079 Vix
928 1045 1070 1079 tamen
1112 1038 1288 1079 dubium
1321 1038 1514 1092 videtur,
1557 1039 1663 1097 quin

205 1107 433 1150 Boeoticac
464 1108 654 1164 poetriae
685 1106 873 1147 carmina
903 1122 926 1147 a
956 1105 1133 1147 Boeotis
1171 1106 1445 1162 potissimum
1473 1107 1664 1149 lectitata

204 1183 246 1216 et
287 1174 501 1231 descripta
539 1174 679 1216 varias
721 1174 956 1230 scripturae
998 1172 1227 1215 Boeoticae
1270 1175 1528 1216 mutationes
1576 1190 1663 1216 non

205 1243 436 1301 effugerint
479 1248 520 1283 et
558 1242 610 1283 ad
639 1241 964 1283 Alexandrinos
1005 1241 1178 1283 criticos
1220 1258 1267 1284 ea
1306 1242 1471 1283 ratione
1506 1242 1664 1300 scripta

203 1309 509 1369 pervenerint,
566 1326 650 1367 qua
690 1309 844 1351 Boeoti
884 1308 1011 1351 tertio
1058 1310 1147 1351 sere
1193 1310 1367 1351 saeculo
1417 1311 1660 1351 utebantur.

205 1379 331 1421 Adeo
371 1377 521 1435 siqua
560 1378 669 1419 forte
707 1377 981 1435 antiquiora,
1027 1393 1051 1418 a
1082 1377 1251 1431 vulgari
1291 1377 1443 1435 ling-ua
1483 1394 1569 1418 non
1602 1377 1664 1419 di-

204 1462 330 1489 versa
359 1444 509 1486 relicta
541 1452 711 1499 essent,
760 1445 934 1486 criticos
964 1445 1009 1486 id
1048 1445 1221 1501 egisse,
1254 1452 1299 1486 ut
1340 1445 1662 1503 proprietatem,

206 1531 334 1573 quam
378 1513 684 1570 opinarentur,
730 1513 979 1555 Boeoticam
1018 1513 1323 1566 restituerent,
1370 1513 1473 1554 satis
1512 1513 1665 1570 proba-

204 1583 293 1624 bile
325 1589 404 1623 est.
468 1580 653 1638 Singula
683 1582 909 1634 nonnulla,
943 1588 990 1622 ut
1018 1583 1134 1629 τεοῦς
1163 1597 1240 1638 pro
1269 1582 1381 1628 τιοῦς
1414 1577 1472 1637 (ξ.
1496 1582 1566 1635 38,
1597 1579 1661 1637 2),

205 1651 333 1692 facile
364 1649 553 1706 relinqui
585 1657 795 1707 poterant.
858 1649 959 1691 Non
989 1649 1231 1702 credimus,
1276 1648 1319 1689 δῖ
1347 1647 1666 1707 diphthongum

207 1719 398 1760 relictam
429 1732 524 1759 esse
543 1747 555 1769 ,
599 1717 676 1757 ubi
706 1717 896 1759 Boeotos
926 1716 1190 1759 recentiores
1221 1732 1312 1757 eam
1353 1724 1544 1758 mutasse
1575 1733 1665 1759 ccr-

205 1794 296 1828 tum
327 1792 406 1827 cst.
499 1783 674 1842 Quippe
714 1792 875 1826 norunt
911 1785 1021 1825 hane
1051 1783 1329 1824 mutationem
1360 1784 1488 1825 etiam
1522 1800 1666 1840 gram-

207 1853 351 1894 matici
370 1884 382 1905 ,
427 1851 502 1909 qui
535 1868 704 1893 omnem
735 1852 824 1893 fere
854 1853 1084 1893 Boeoticae
1115 1850 1286 1891 dialecti
1318 1852 1611 1909 cognitionem
1642 1869 1666 1895 c

210 1921 426 1962 Corinnae
457 1919 749 1971 carminibus,
782 1918 1075 1975 antiquiorum
1107 1934 1207 1959 cura
1237 1919 1454 1973 recensis,
1492 1921 1665 1963 haurire

206 1988 419 2029 videntur.
503 1986 640 2028 Iidem
672 1993 702 2038 ᾧ
730 1986 844 2043 apud
874 1987 1060 2028 Boeotos
1091 1987 1136 2028 in
1169 1993 1208 2028 ῦῖ
1239 1988 1423 2029 transire
1455 1989 1662 2044 referunt,

208 2055 320 2100 nihil
350 2061 528 2097 monent
558 2053 609 2095 de
639 2059 672 2106 (ᾖ
708 2053 754 2094 in
795 2063 820 2094 ῦ
850 2062 1025 2095 mutato.
1117 2053 1244 2095 Unde
1283 2054 1427 2111 aliqua
1473 2055 1665 2111 suspicio

208 2124 343 2166 oritur
380 2123 500 2163 illam
539 2121 793 2178 scripturam
837 2121 882 2162 in
916 2122 1131 2164 Corinnae
1161 2121 1425 2163 carminibus
1455 2130 1665 2179 repertam

208 2208 331 2245 esse,
380 2189 562 2240 deinde,
610 2190 785 2230 alteram
828 2189 1106 2230 mutationem
1139 2190 1341 2230 omuibus
1387 2190 1567 2246 reliquis
1602 2207 1667 2232 re-

211 2260 442 2302 centiorem
474 2274 595 2309 csse,
628 2256 787 2313 quippe
818 2273 927 2313 quae
958 2265 1105 2314 postea
1137 2257 1393 2310 invaluerit,
1426 2274 1552 2314 quam
1583 2258 1665 2301 Co-

211 2329 362 2370 rinnae
392 2325 627 2367 carminum
660 2325 961 2382 orthographia
993 2325 1223 2367 constituta
1255 2332 1384 2367 essct.

859 2484 896 2542 Q
946 2488 1015 2528 42).

327 2582 404 2611 Ue
431 2580 681 2611 vnn-aflibus
714 2580 1039 2619 produccssom-
1073 2580 1378 2619 suppia-toria
1412 2580 1552 2612 natis.

327 2672 484 2712 Breues
523 2672 718 2723 vocales,
777 2670 851 2710 ubi
891 2671 1020 2712 altera
1053 2688 1074 2711 c
1116 2671 1281 2712 duabus
1323 2669 1665 2712 consonantibus

217 2739 500 2795 sequentibus
541 2740 675 2794 ejecta
714 2745 800 2788 cst,
846 2753 899 2779 nc
941 2739 1130 2795 syllabae
1175 2738 1391 2796 quantitas
1432 2737 1664 2787 minuatur,
