1818 3108
1430 186 1520 235 VII

91 337 172 378 qne
201 321 275 378 qui
305 321 349 362 id
377 321 558 372 faceret,
602 318 780 376 indigne
820 318 906 360 otio
946 319 1155 362 abusurus
1191 337 1283 362 csse
1323 322 1520 378 cuiqnam

89 411 225 455 videri
261 418 446 470 poterat,
492 404 567 467 ¹qui
599 408 770 466 quidem
800 408 1005 450 Graecam
1044 410 1235 467 linguam
1264 419 1305 454 et
1334 412 1520 453 Graecos

91 503 315 561 scriptores
346 500 580 543 accuratius
610 515 867 555 cognoscere
897 516 1049 557 operae
1078 503 1260 557 pretium
1289 502 1518 558 judiearet,

90 593 333 650 praesertim
378 599 600 648 postquam
637 589 877 631 Jacobus
918 590 1233 640 Grimmius2
1279 593 1343 634 vir
1384 593 1518 634 omni-

90 701 198 743 gena
234 684 358 726 laude
398 683 704 734 cumulandus,
755 682 987 739 conspicuo
1029 682 1335 725 Grammatieae
1375 684 1522 725 Diuti-

90 790 183 816 scac
223 774 415 831 exemplo
455 773 624 822 docuit,
675 772 952 815 dialectornm
992 773 1225 815 secundum
1263 781 1417 814 aetates
1458 774 1523 815 vcl

89 866 241 923 stirpes
271 864 531 906 diversarum
562 864 758 921 diligenti
793 874 835 907 ct
874 865 1015 923 sagaci
1045 866 1357 925 comparatione
1397 880 1521 922 quani

87 954 220 1013 possit
247 954 292 994 in
323 962 481 995 secreta
509 954 754 1012 liuguarum
782 955 1009 1013 penetrari.

202 1044 359 1086 Contra
388 1045 685 1101 exponendum
717 1054 806 1099 est,
854 1061 930 1087 eur
959 1045 1115 1087 nostris
1146 1044 1334 1086 humeris
1364 1043 1525 1100 gravis-

93 1139 245 1180 simum
275 1153 383 1178 onus
413 1137 557 1178 subire
588 1137 728 1178 conati
758 1137 916 1190 simus,
955 1153 1095 1194 neque
1125 1136 1306 1178 aliorum
1337 1151 1525 1191 operam,

92 1228 336 1285 praesertim
364 1227 530 1269 liberali
558 1227 844 1285 praemiorum
874 1227 1181 1285 pollicitatione
1211 1242 1349 1283 nuper
1373 1225 1525 1266 excita-

93 1329 199 1368 tam,
242 1324 483 1375 exspectare
520 1316 811 1358 maluerimus.
887 1317 1091 1358 Lustrum
1132 1317 1264 1357 ferme
1301 1315 1526 1372 praeterla-

91 1426 217 1466 psum
245 1416 331 1462 cst,
372 1424 424 1450 ex
458 1423 542 1466 quo
573 1408 704 1449 otium
734 1414 924 1448 nostrum
954 1405 1205 1447 Homericae
1236 1405 1410 1462 linguae
1437 1419 1528 1460 per-

94 1484 363 1557 i'cstigationi
401 1498 594 1540 dedimus
641 1514 776 1555 eoque
829 1498 1019 1540 omnium
1054 1497 1207 1538 virium
1257 1495 1529 1537 contentione

95 1592 199 1635 eniti
227 1590 552 1644 constituimus,
593 1598 640 1630 ut
669 1605 809 1631 veram
840 1597 881 1631 et
908 1589 1195 1646 incorruptam
1227 1589 1414 1631 Graecae
1444 1587 1529 1628 lin-

97 1699 221 1741 guae,
253 1698 338 1740 qua
365 1680 577 1723 Homerus
606 1692 709 1722 usus
739 1689 866 1734 esset,
898 1680 1080 1738 speciem
1111 1696 1236 1738 quam
1265 1680 1357 1722 ficri
1387 1687 1532 1737 posset

94 1772 406 1817 accuratissime
427 1771 776 1814 describeremus.
838 1770 937 1824 Quo
967 1787 1099 1829 quum
1127 1771 1310 1828 primum
1332 1769 1531 1828 diligenti

97 1866 232 1923 ipsius
269 1863 520 1906 Homericae
567 1863 740 1920 linguae
786 1863 1080 1905 observatione
1129 1862 1352 1919 pervenire
1391 1860 1532 1902 eonati

98 1971 310 2009 essemus,
347 1970 489 2013 neque
528 1953 620 1995 sinc
657 1953 799 2011 aliquo
837 1953 1005 2007 fructu,
1052 1952 1137 1993 nisi
1165 1954 1274 1995 forte
1305 1952 1531 1994 documen-

96 2059 185 2091 tum
214 2047 345 2090 studii
372 2046 530 2097 nostri,
585 2045 700 2104 quod
727 2045 773 2086 in
801 2045 941 2087 lucem
972 2044 1182 2086 edidimus
1213 2046 1283 2098 ')‚
1322 2044 1533 2086 immerito

99 2139 314 2180 doctorum
351 2135 617 2195 quorundam
654 2133 839 2192 aliquam
868 2133 1035 2174 laudem
1076 2133 1201 2187 tulit3
1254 2150 1352 2176 mox
1391 2142 1531 2175 tamen

99 2230 359 2272 intellectum
388 2236 476 2282 est,
508 2242 713 2268 summam
742 2226 883 2283 operis
913 2242 998 2266 non
1026 2242 1152 2282 posse
1185 2243 1263 2268 nos
1293 2227 1530 2278 absolvere,

99 2319 184 2361 nisi
212 2327 402 2362 accurata
424 2318 682 2360 Graecarum
710 2316 986 2359 dialectorum
1008 2317 1254 2375 cognitione
1284 2319 1529 2359 instructos.

104 2411 174 2453 Eo
209 2410 303 2469 ipso
340 2419 554 2469 tempore,
596 2407 819 2451 novissimi
847 2409 950 2451 anni
978 2425 1124 2452 mense
1151 2410 1330 2460 Martio,
1373 2409 1418 2450 in
1447 2425 1531 2451 ma-

146 2628 181 2670 *)
229 2627 353 2662 Ueber
397 2626 458 2661 die
498 2627 740 2672 Conjugation
791 2629 855 2663 auf
896 2642 938 2673 μι
978 2629 1027 2664 im
1064 2629 1312 2665 homerischen
1349 2629 1529 2664 Dialecte.

237 2708 478 2743 Nordhausen
502 2709 600 2743 1838.
