1779 3079
199 180 272 206 ΧΙΙΙ

197 300 383 347 edoceri
420 316 559 344 nemo
597 300 747 363 magis
785 301 1094 362 concupiscit.
1194 301 1416 347 Ceterum
1451 304 1650 349 severis-

196 370 366 415 simum
439 368 596 430 operis
665 368 755 413 mei
825 384 1071 414 censorem
1128 385 1200 414 me
1270 370 1425 432 ipsum
1473 372 1650 435 egisse,

197 436 530 481 Additamenta
569 434 626 480 ad
663 436 718 480 L.
750 437 771 481 l
807 435 996 482 abunde
1034 437 1341 500 patefacient.

330 503 527 549 lllorum
575 504 724 567 igitui
767 521 1015 550 censoium
1062 522 1148 551 nec
1186 506 1344 550 minus
1374 505 1501 551 Tuo
1537 505 1653 553 alio-

197 589 430 634 rumque,
489 570 662 634 quibus
701 572 957 634 plurimum
998 572 1182 629 tribuo,
1232 572 1430 636 judiciis
1468 591 1653 636 permo-

196 649 270 686 tus
303 657 406 684 sum
444 647 495 685 ut
532 656 688 703 neque
732 642 889 702 operis
927 639 1206 687 absolvendi
1243 641 1496 688 consilium
1532 641 1654 705 abji-

195 724 346 754 cerem
386 715 432 753 et
475 707 636 753 eadem
685 708 758 752 via
795 716 936 771 atque
974 711 1154 754 ratione
1194 727 1469 773 pergerem,
1531 727 1652 774 quae

195 776 406 822 omnium
444 793 688 821 assensum
724 775 890 821 tulisse
929 776 1187 823 videretur.
1292 777 1495 841 Neque,
1560 779 1654 824 nisi

195 844 407 890 faciliore
445 845 585 905 primi
627 842 736 888 libii
783 842 943 890 lzwboie
991 845 1114 889 vires
1153 855 1288 891 antea
1334 847 1654 892 exercuissem

195 919 339 975 atque
371 910 662 969 firmassem,
715 909 861 974 hujus
900 912 1200 958 mediocriter
1231 913 1508 974 perficiendi
1546 931 1653 978 gra-

194 981 441 1025 vissimum
507 995 628 1024 onus
693 996 766 1025 me
830 987 1159 1026 sustenturum
1221 982 1370 1027 fuisse
1428 980 1651 1027 arbitror.

199 1046 341 1108 Ouod
380 1063 520 1109 quam
559 1054 686 1093 recte
725 1048 953 1107 senti-tm,
1024 1067 1297 1112 quanquam
1331 1049 1417 1093 Tu
1455 1067 1513 1095 ex
1549 1049 1654 1112 ipso

195 1132 336 1178 opere
374 1116 487 1160 satis
526 1114 793 1179 intelliges,
861 1115 954 1162 duo
1000 1124 1157 1162 tamen
1197 1117 1527 1164 molestissima
1568 1119 1653 1162 im-

194 1182 491 1246 pedimenta,
569 1200 690 1247 quae
751 1183 938 1229 facilius
995 1184 1142 1231 latere
1198 1187 1416 1248 possint,
1490 1186 1655 1248 paucis

195 1249 593 1298 commemorabo.
698 1252 908 1297 Primum
948 1254 1146 1298 nimium
1186 1261 1416 1317 quantum
1453 1252 1654 1299 desuda·

195 1321 270 1377 vi,
326 1320 636 1383 priusquam,
686 1319 802 1383 quid
836 1322 1109 1385 quibusque
1149 1321 1396 1380 fontibus,
1449 1339 1652 1385 quorum

196 1387 413 1452 plerique
459 1405 624 1450 parum
670 1387 856 1450 limpidi
905 1398 1043 1448 sunt,
1109 1389 1221 1435 {idei
1267 1389 1434 1436 haberi
1479 1391 1648 1452 possit,

195 1457 309 1501 satis
353 1464 654 1518 perspectum
702 1455 944 1503 haberem.
1061 1457 1246 1504 Deinde
1292 1459 1342 1503 in
1379 1459 1469 1517 iis,
1531 1475 1653 1521 quae

196 1526 483 1570 recentiores
520 1532 566 1570 et
601 1526 915 1571 recentissimi
955 1525 1091 1587 (adeo
1128 1527 1211 1589 qui
1243 1525 1355 1589 jure
1392 1525 1655 1572 doctissimi

195 1591 451 1655 habentur)
501 1591 557 1638 de
599 1593 770 1639 Dorica
809 1593 1010 1640 dialecto
1057 1594 1387 1657 protulerunt,
1449 1592 1653 1640 incredi-

196 1659 338 1706 bilem
388 1678 602 1707 errorum
647 1663 829 1723 copiam
877 1663 1068 1720 inveni,
1134 1670 1299 1708 eontra
1346 1663 1651 1725 paucissima,

197 1728 323 1775 uude
361 1728 544 1792 aliquid
583 1729 806 1791 praesidii
845 1731 940 1792 peti
984 1739 1171 1792 posset3
1242 1747 1299 1776 ne
1344 1748 1397 1776 ea
1436 1729 1649 1794 quidem,

197 1813 319 1859 quae
361 1797 627 1843 Boeekhius
674 1798 723 1842 in
767 1798 977 1844 seeundo
1016 1798 1243 1861 Corporis
1281 1798 1652 1860 Inscriptionum

199 1863 439 1910 volumine
478 1865 533 1910 de
564 1864 764 1911 dialecto
790 1866 974 1911 Cretica
1003 1874 1346 1911 commentatus
1373 1874 1462 1922 est,
1504 1883 1652 1927 quan·

196 1949 338 1994 quam
385 1932 584 1995 reliquis
632 1933 778 1978 multo
825 1935 1191 1995 praestantiora,
1257 1934 1412 1978 omnia
1462 1934 1653 1996 probari

199 2007 444 2061 poterant,
516 2018 662 2063 quum
709 2009 924 2046 accurata
971 2002 1183 2046 omnium
1220 2001 1413 2046 Doridis
1457 2001 1654 2046 varieta-

199 2076 296 2112 tum
349 2070 637 2129 comparatio
690 2067 816 2113 haud
863 2086 967 2114 raro
1013 2068 1101 2113 alia
1148 2068 1355 2115 doceret.
1464 2069 1651 2114 Utinam

198 2143 379 2180 tantum
421 2135 596 2180 laboris
646 2137 715 2181 Tc
757 2135 921 2197 judice
972 2154 1028 2182 nc
1078 2136 1196 2183 male
1243 2138 1512 2199 impensum
1549 2153 1653 2182 esse

199 2202 439 2249 videatur!
476 2234 541 2240 —
646 2204 899 2261 Ceterum,
963 2204 1019 2250 dc
1058 2223 1149 2268 qua
1190 2222 1238 2251 re
1271 2207 1318 2250 in
1356 2206 1496 2267 primi
1542 2203 1654 2250 libri

199 2272 494 2333 praefatione
540 2289 730 2318 monere
792 2272 1179 2335 neglexeramus,
1255 2275 1456 2319 consilio
1505 2281 1551 2319 et
1599 2290 1652 2318 ea

200 2340 371 2384 omissa
418 2347 558 2396 sunt,
641 2358 762 2403 quae
813 2341 870 2385 ad
920 2343 1227 2403 syntacticam
1278 2342 1505 2387 rationem
1547 2358 1651 2403 spe·

199 2414 353 2465 etant,
408 2425 503 2470 quo
541 2409 780 2470 pertinent
806 2408 1041 2454 schemata
1079 2410 1283 2473 singulis
1307 2408 1495 2472 populis
1527 2407 1653 2471 apud

200 2477 532 2537 grammaticos
568 2475 832 2538 adscripta,
887 2485 933 2522 et
970 2476 1232 2538 glossarum
1271 2495 1295 2524 e
1330 2477 1544 2523 dialectis
1573 2475 1652 2523 de-

203 2551 555 2605 promptarum,
622 2552 856 2607 quatenus
894 2546 940 2589 in
980 2546 1338 2609 etymologicam
1372 2555 1547 2607 partem
1581 2545 1651 2589 ni-

205 2610 267 2654 hit
307 2610 426 2656 lueri
462 2612 696 2666 al''ei·unt,
753 2613 923 2673 ingens
962 2631 1206 2658 numerus.
1291 2613 1434 2674 Quod
1468 2612 1650 2675 aliquo-

202 2679 319 2734 ties,
385 2696 503 2724 max*
532 2697 585 2725 ne
632 2681 679 2724 in
725 2679 770 2744 §-
809 2678 901 2739 stli,
977 2680 1096 2726 ultra
1138 2681 1284 2739 lines,
1348 2680 1524 2744 quibus
1562 2680 1652 2742 ipsi

204 2763 287 2791 nos
319 2747 860 2811 eireuinscripseramus,
900 2751 1082 2812 evagati
1116 2767 1217 2796 esse
1247 2749 1487 2808 videmur,
1528 2746 1654 2811 apud
