1779 3079
308 190 350 250 ᾗ.
389 191 468 239 31.
542 192 616 238 De
647 190 962 238 declinatione
1000 191 1231 238 anomala.
1400 191 1501 240 239

53 332 177 381 Λατῷ
207 336 249 370 et
277 328 567 371 accusativum
598 329 749 370 Λατών
790 329 973 382 habere,
1036 328 1089 369 ad
1128 328 1382 370 feminarum
1424 345 1497 370 no-

53 397 167 439 mina
198 397 378 439 eandem
410 397 617 439 rationem
648 396 809 438 recenti
831 395 999 436 demum
1032 404 1222 453 tempore
1254 397 1500 438 translatam

52 464 362 507 existimamus.
424 465 601 515 Λατών,
649 464 751 506 deae
784 479 966 511 nomen,
1013 479 1078 504 nr.
1111 464 1222 506 2554
1252 465 1361 506 male
1390 464 1500 506 tradi

51 533 223 575 videtur
261 549 338 591 pro
379 532 529 582 Λατώ,
590 547 670 573 nee
716 531 759 572 in
800 531 945 573 Actol.
989 531 1098 572 ’1756
1142 547 1239 573 cum
1280 533 1500 574 Boeclzhio

53 604 292 649 Καλλιστιῦς
323 600 568 658 scripserim
603 615 682 657 pro
712 605 966 648 Καλλιστος,
1000 598 1076 640 sed
1106 604 1374 648 Καλλιστοῦς.

162 667 207 723 9)
267 667 558 725 Comparativi
603 668 648 708 in
690 685 744 708 ων
788 682 883 708 raro
928 686 947 706 ι’
984 666 1125 721 ejecto
1164 668 1501 710 contractionem

52 735 298 793 patiuntur,
329 738 426 788 μείω
457 735 633 777 Heracl.
667 735 712 783 I,
747 735 827 777 ’126
858 750 934 791 pro
964 736 1127 786 μείονα,
1161 736 1265 775 πλέω
1299 735 1497 792 Calymn.

48 802 187 855 2671,
229 803 416 852 ἐλάσσως
445 804 634 861 Lysistr.
672 802 777 845 1263
812 818 888 859 pro
919 802 1149 850 ἐλάσσονές.
1212 802 1363 845 Simile
1394 804 1502 861 quid

49 870 204 911 factum
237 879 303 913 est
333 872 377 913 in
398 872 643 913 accusativo
672 870 864 912 Ἀπόλλω
883 870 1071 928 Lysistr.
1100 871 1207 913 1302
1244 881 1284 913 et
1317 871 1501 912 Ἀπέλλω

46 938 159 994 apud
190 939 439 996 Epilycum.
514 941 633 982 lnter
662 938 850 981 Doricae
891 955 1105 997 apocopae
1145 941 1340 998 exempla
1372 942 1503 980 κυκεῶ

46 1017 405 1049 commemoratur
435 1025 456 1050 a
490 1008 729 1066 Tryphone
761 1014 865 1049 παθ.
901 1012 978 1057 λεξ.
1021 1009 1060 1062 ξ.
1095 1009 1163 1052 39.

696 1164 737 1216 g.
772 1163 839 1204 31.

395 1255 474 1286 De
513 1254 854 1288 declinatione
887 1257 1141 1290 anomala.

160 1349 201 1398 1)
260 1348 633 1395 Tel-minationem
666 1372 714 1407 φι
743 1354 787 1395 in
817 1355 1009 1411 genitivo
1039 1371 1062 1396 a
1086 1353 1307 1413 Sicyoniis
1336 1358 1501 1417 saepis-

47 1415 153 1457 sime
191 1417 349 1459 ascisci
393 1419 516 1462 testis
561 1429 625 1463 est
662 1422 930 1478 Apollonius
975 1424 1027 1464 de
1067 1424 1163 1466 adv.
1211 1441 1253 1482 p.
1289 1425 1398 1479 574,
1429 1427 1499 1470 30.

45 1483 269 1526 Alcmanis
298 1485 509 1541 ιὸρανιάφι
539 1488 590 1530 fr.
624 1490 681 1532 42
711 1489 774 1546 (5)
793 1522 805 1544 ‚
853 1508 982 1548 quem
1012 1499 1127 1533 recte
1157 1509 1180 1534 a
1211 1495 1502 1550 grammaticis

43 1553 288 1595 vocativum
331 1555 550 1612 perhiberi
583 1567 751 1600 nosmet
781 1575 1033 1617 persuasum
1065 1560 1274 1603 habemus
1304 1570 1347 1604 et
1376 1563 1502 1620 Ibyci

42 1622 353 1675 Λιβυαᾳιιγείνης
383 1624 497 1680 apud
528 1625 827 1669 Herodianum
859 1646 901 1669 π.
934 1646 973 1680 μ.
1008 1633 1043 1669 λ.
1077 1628 1153 1681 38,
1187 1629 1241 1670 17
1282 1647 1368 1673 non
1400 1639 1502 1672 sunt

41 1685 230 1741 Dorica,
265 1690 339 1730 scd
374 1692 541 1748 poetice
571 1694 683 1735 ficta.

153 1756 198 1805 2)
239 1756 511 1814 Metaplasmi
542 1761 752 1803 nonnulla
778 1778 935 1818 genera
968 1781 1096 1822 supra
1126 1766 1368 1822 tetigimus,
1399 1767 1499 1818 alia,

42 1836 152 1877 quae
181 1822 234 1863 ad
267 1824 464 1882 singulas
495 1829 701 1884 quasdam
733 1847 861 1872 voces
892 1833 1140 1890 pertinent,
1188 1851 1287 1877 mox
1318 1850 1502 1878 comme-

40 1889 321 1933 morabimus.
398 1894 482 1937 Hic
530 1896 582 1938 de
627 1913 713 1939 uno
758 1915 918 1957 genere
961 1901 1173 1945 dicemus.
1250 1903 1501 1946 Nonnullae

41 1957 158 1998 enim
188 1974 315 2001 voees
349 1961 392 2002 in
427 1981 498 2013 ας,
533 1981 713 2023 quarum
751 1968 968 2024 genitivus
999 1970 1132 2028 vulgo
1164 1972 1209 2013 in
1242 1989 1364 2020 αντος·
1394 1974 1498 2026 exit,

41 2023 373 2069 declinationem
420 2030 600 2087 primam
649 2043 906 2091 sequuntur.
977 2037 1041 2079 Ita
1082 2055 1104 2080 a
1144 2040 1415 2093 Kapuffo'quag
1452 2041 1498 2082 in

0 2157 1 2160 Ἰ
40 2091 182 2134 titulis
211 2093 421 2139 Theraeis
451 2115 516 2139 nr.
552 2101 679 2144 2448.
713 2103 807 2157 ΙΙΙ,
839 2105 893 2146 22
934 2113 975 2146 et
1014 2106 1127 2149 2454
1172 2117 1238 2149 est
1279 2108 1498 2165 genitivus

0 2162 1 2172 ¹
43 2161 312 2213 Καρτιὸάμα,
353 2181 486 2221 quum
528 2168 572 2208 in
614 2171 853 2213 recentiore
884 2188 950 2213 nr.
984 2173 1034 2215 61
1067 2175 1168 2216 Act.
1203 2175 1303 2218 Ber.
1338 2183 1498 2231 Kapu-

43 2224 281 2279 ὁάμαντ(ος)
323 2238 365 2271 et
405 2232 449 2273 in
488 2235 573 2277 alio
615 2238 778 2279 recenti
819 2240 1005 2282 Athenis
1046 2258 1068 2283 a
1103 2242 1315 2286 Theraeis
1353 2245 1497 2301 posito

43 2291 94 2334 C.
128 2293 162 2333 Ι.
203 2311 269 2336 nr.
304 2298 385 2338 345
416 2303 757 2355 Καρτιὸάμαντος
786 2308 956 2365 vulgari
987 2309 1153 2352 ratione
1183 2312 1390 2369 scriptum
1423 2312 1494 2354 sit.

41 2359 146 2402 Item
182 2363 397 2419 genitivus
428 2365 661 2423 ’Λλκιδάμα
690 2374 852 2431 legitur
891 2376 936 2417 in
979 2377 1106 2419 titulo
1136 2379 1379 2436 Zacynthio
1425 2396 1492 2421 nr.

42 2427 166 2470 1934.
207 2457 261 2462 ——
319 2431 491 2475 Deinde
532 2452 553 2477 a
591 2445 760 2489 πελεκᾶς
789 2443 1032 2486 Dorienses
1073 2447 1310 2503 genitivum
1349 2450 1496 2487 πελεκᾶ

40 2509 118 2551 pro
148 2502 388 2548 πελεκᾶντος
416 2503 593 2546 finxisse
623 2509 851 2551 traduntur
887 2528 908 2552 a
941 2511 1074 2554 Suida
1108 2530 1142 2555 s.
1177 2531 1218 2556 v.
1254 2522 1294 2555 et
1325 2513 1491 2557 Seholl.

41 2561 178 2605 Arist.
211 2566 296 2607 Av.
329 2569 426 2610 882.
489 2570 748 2617 Conferatur
777 2578 903 2619 etiam
935 2578 1172 2631 Ἀμύκλας,
1212 2582 1492 2638 Amyclarum

0 2648 1 2663 ι
41 2631 264 2684 conditor,
311 2636 437 2690 cujus
468 2654 625 2681 nomen
658 2649 698 2683 et
729 2643 773 2684 in
803 2644 996 2698 Ἀμύκλα
1038 2649 1137 2698 (hoc
1170 2649 1349 2691 fortasse
1379 2651 1492 2708 apud

0 2722 2 2740 .
41 2695 255 2751 Lacones)
287 2710 327 2743 et
359 2703 402 2743 in
434 2703 714 2757 Ἀμύκλαιιτος
743 2711 858 2754 flecti
891 2715 1072 2757 traditur
1100 2732 1122 2757 a
1145 2716 1364 2774 Stephano
1382 2718 1488 2776 Byz-

41 2779 74 2802 s:
110 2781 176 2819 v.‚
210 2768 322 2809 unde
355 2772 497 2812 hausit
526 2774 727 2818 Eustatln.
760 2780 866 2833 ⁶295,
904 2783 967 2822 15.

5 2851 13 3079 i
