1779 3079
223 204 322 254 318
712 206 785 251 De
826 203 1173 268 conjugatione.

222 360 288 384 nr.
334 341 445 385 3048
491 340 667 395 διελέγην
708 341 920 395 traditur,
975 340 1090 399 quod
1128 340 1376 383 Boeclthius
1416 340 1462 382 in
1501 341 1668 395 διέλεγεν

221 410 413 453 mutavit.
502 408 622 463 Qui,
678 410 875 468 quamvis
919 408 1090 450 Cretica
1133 408 1342 450 dialectus
1381 408 1669 465 singularium
1740 459 1742 461 Ι

222 480 455 520 formarum
498 476 618 519 dives
659 477 740 531 sit,
785 484 902 520 recte
940 484 1082 518 tamen
1119 477 1263 533 egisse
1301 477 1496 530 videtur,
1536 492 1670 534 quum

220 562 364 603 neque
407 546 749 602 apographorum
790 545 897 586 fides
938 560 1090 600 magna
1120 544 1177 585 sit
1206 552 1247 586 ct
1277 544 1323 585 in
1355 544 1588 587 simillimis
1617 544 1671 585 ti·
1745 588 1747 590 ,

220 614 325 657 tulis
372 613 558 655 Creticis
598 612 723 655 3050.
768 613 878 655 3052
920 613 1086 665 &caestu
1130 612 1312 668 legatur.
1388 611 1481 654 Nec
1524 612 1671 654 minus

220 689 336 724 recte
367 681 480 723 idem
509 681 555 722 iu
585 680 774 739 optativo
804 683 994 734 περιιεῖεν
1022 681 1184 738 Amph.
1218 680 1354 734 1688,
1389 680 1441 723 18
1471 679 1671 722 termina-

220 749 384 791 tionem
416 768 488 799 ην,
536 764 644 806 quae
676 757 742 790 est
770 748 816 789 in
850 748 1020 790 Claraci
1051 749 1320 805 apographo,
1368 747 1558 805 sprevit,
1602 746 1674 789 vel

220 817 267 859 iu
312 817 555 874 Corcyraeo
594 816 722 858 titulo
762 817 909 858 malam
937 816 1037 857 fidei
1078 832 1144 857 ur.
1180 816 1314 869 1845,
1355 817 1410 858 74
1448 815 1673 868 παραδοῖεν

220 885 414 943 reposuit
442 900 519 942 pro
549 885 798 937 παραδοίην.

333 951 541 1007 Vulgaris
573 950 709 992 Forma
752 950 986 1003 διελέγησαν
1016 949 1132 992 Cret.
1168 948 1277 991 3047
1308 949 1422 1004 Tej0
1462 950 1673 1008 lapicidae

221 1020 369 1062 deberi
399 1019 596 1073 videtur,
629 1017 789 1060 certius
820 1025 885 1059 est
915 1021 1110 1070 παρῆσαν
1130 1016 1287 1074 Epich.
1308 1017 1389 1071 94,
1421 1018 1536 1076 quod
1560 1025 1673 1060 certe

220 1088 266 1129 in
297 1087 500 1129 omnibus
535 1086 659 1127 libris
693 1102 790 1128 esse
828 1086 1010 1128 videtur.

333 1156 377 1202 7)
437 1154 768 1209 Subjectivi
815 1169 975 1210 paucae
1014 1154 1174 1196 formae
1214 1152 1515 1210 reperiuntur,
1563 1168 1673 1210 quae

220 1240 317 1267 cum
356 1222 528 1279 vulgari
568 1222 732 1264 ratione
776 1221 1036 1278 discrepent.
1113 1221 1182 1262 De
1228 1221 1504 1276 conjunctivo
1545 1237 1674 1278 supra

221 1291 412 1333 diximus
445 1306 510 1331 nr.
533 1292 575 1332 2.
637 1289 942 1346 Impcrativum
972 1292 1087 1342 μῶσο
1120 1289 1379 1347 Epicharmo
1407 1288 1674 1330 restituimus

222 1360 277 1401 fr.
313 1360 391 1402 121
434 1358 521 1400 vid.
563 1357 604 1410 ξ.
637 1358 717 1411 423
762 1356 876 1397 idem
915 1365 1014 1415 post
1054 1374 1077 1398 σ
1113 1358 1299 1412 ejectum
1339 1355 1675 1398 contractionem

222 1443 379 1485 passus
410 1433 477 1468 est
505 1426 551 1467 in
582 1427 748 1480 περίδου
779 1424 969 1466 Acharn.
1001 1426 1084 1468 738
1115 1432 1157 1468 et
1187 1426 1288 1477 πριά
1331 1424 1378 1472 (ἰ.
1412 1439 1450 1464 e.
1482 1423 1672 1477 πρίασο),

223 1502 272 1536 ut
300 1511 380 1553 pro
410 1495 518 1547 πρίω
549 1492 855 1550 rescripsimus
887 1492 1041 1549 Epich.
1074 1494 1155 1546 93,
1197 1492 1284 1534 vid.
1316 1491 1357 1545 ξ.
1391 1491 1473 1545 24,
1503 1492 1546 1533 4.
1606 1491 1675 1533 De

222 1562 467 1620 imperativi
508 1576 692 1619 persona
732 1558 856 1600 tertia
894 1560 1053 1616 plurali
1092 1561 1260 1618 egimus
1300 1559 1340 1613 ἓ.
1374 1560 1455 1612 35,
1485 1559 1526 1601 3.
1598 1558 1676 1601 Se·

223 1630 365 1671 cunda
407 1628 643 1686 singularis
680 1626 898 1685 praeteriti
927 1627 1133 1670 Doricam
1176 1626 1508 1669 contractionem
1550 1642 1676 1684 passa

224 1705 288 1739 est
318 1697 365 1738 iu
398 1697 544 1750 ἐπρία,
592 1695 708 1753 quod
738 1694 784 1735 iu
815 1694 935 1736 Anu.
970 1695 1085 1736 Oxx.
1116 1695 1209 1748 III,
1241 1695 1350 1747 241,
1385 1695 1438 1735 12
1466 1694 1676 1736 Doricum

227 1764 386 1806 dicitur
425 1780 503 1822 pro
544 1765 698 1816 ἐπρίω,
746 1763 937 1818 ἐπρίασο.
1015 1762 1276 1819 Corruptum
1308 1778 1403 1804 esse
1427 1762 1676 1817 judicamus

227 1834 473 1881 συνέθοντο,
521 1831 637 1889 quod
680 1831 725 1871 in
758 1830 876 1872 Cret.
910 1830 1050 1880 2554,
1083 1832 1111 1873 2
1147 1830 1310 1886 legitur
1350 1846 1426 1887 pro
1459 1831 1674 1871 συνέθεντο

225 1915 305 1941 nec
346 1899 529 1956 probare
570 1914 804 1955 possumus
846 1898 1129 1951 συνεθόμεθα,
1176 1897 1291 1955 quod
1335 1897 1495 1940 ibidem
1534 1898 1564 1939 l.
1593 1896 1672 1939 201

225 1966 469 2008 Boeckhius
501 1982 523 2007 e
557 1965 820 2019 συνθεόμεθα
851 1965 1006 2008 effecit.

871 2108 910 2160 ἕ.
950 2108 1018 2149 4ο.

761 2212 838 2241 lle
868 2212 1014 2241 verbo
1041 2221 1051 2239 ε
1064 2206 1105 2247 isc
1120 2208 1140 2241 l.

432 2314 474 2363 l)
534 2311 680 2352 Pracs.
715 2308 895 2349 Iudicat.

341 2380 496 2438 Sing.
533 2380 569 2420 1.
631 2378 734 2428 εἰμι’
764 2375 919 2432 Epich.
959 2376 1033 2429 193
1064 2375 1107 2415 in
1141 2374 1353 2416 severiore
1385 2373 1548 2416 Doride
1578 2389 1675 2432 pro·

225 2449 295 2491 cul
328 2448 461 2489 dubio
494 2445 564 2498 ἠμί
593 2453 682 2486 crat
710 2443 797 2484 vid.
831 2443 871 2495 ξ.
905 2443 985 2495 20,
1018 2443 1058 2483 δ’.
1092 2452 1129 2483 a’.

340 2514 497 2569 Sing.
531 2514 572 2555 2.
637 2512 759 2552 ἐσσί
803 2509 1084 2566 Syracusanis
1118 2509 1317 2551 tribuitur
1346 2509 1397 2551 ab
1428 2508 1677 2551 Herodiano
1732 2517 1734 2526 ¹

226 2601 270 2623 π.
303 2600 345 2634 μ.
380 2586 413 2621 λ.
448 2581 530 2631 44,
568 2580 644 2632 19,
690 2579 764 2636 qui
798 2576 974 2634 apponit
1006 2577 1159 2633 Sophr.
1191 2578 1272 2629 00,
1302 2586 1343 2618 ct
1373 2577 1531 2633 legitur
1559 2592 1677 2633 prae-

228 2658 343 2691 terea
378 2648 533 2705 Epich.
574 2647 676 2699 130,
723 2644 817 2685 «ι”σσ’
851 2644 1005 2701 Epich.
1047 2645 1149 2695 125,
1192 2661 1269 2686 nce
1300 2645 1444 2686 minus
1476 2644 1519 2684 iu
1551 2643 1678 2685 dictis

230 2716 460 2758 Laconicis
490 2715 707 2755 Plutarch.
741 2713 894 2768 Pyrrh.
929 2728 966 2753 c.
987 2713 1040 2753 20
1072 2721 1113 2754 ct
1133 2713 1352 2770 Apophth.
1378 2712 1481 2753 Lac.
1514 2727 1555 2768 p.
1577 2711 1676 2754 211.

229 2784 326 2826 233.
388 2784 610 2825 Postremo
653 2797 708 2822 ne
738 2780 997 2821 Theocritus
1045 2779 1218 2837 quidem
1258 2787 1299 2821 ct
1339 2779 1554 2820 Pindarus
1596 2778 1679 2820 alia
