1779 3079
454 165 495 225 §.
532 164 612 214 47.
686 165 759 211 De
795 161 1021 208 universa
1055 157 1249 207 Doride.
1477 156 1572 206 397

128 303 256 356 licet,
289 300 482 343 Boeotis.
520 328 574 333 -—
632 301 684 341 In
714 298 1005 340 declinatione
1037 303 1231 338 notamus
1263 295 1453 339 dativum
1482 295 1576 354 plu-

129 371 264 412 ralem
294 368 446 410 tertiae
485 369 532 410 in
574 384 666 409 εσσι
707 373 960 419 exeuntem,
1008 381 1135 422 quem
1163 364 1296 407 Doris
1327 370 1370 405 et
1397 370 1579 420 utraque

128 437 282 479 Aeolis
314 453 366 477 cx
395 436 649 494 antiquitate
679 440 962 491 acceperunt,
1003 432 1160 474 deinde
1190 432 1361 474 Atticae
1391 431 1580 473 declina-

130 504 262 546 tionis
288 520 442 546 vocum
472 504 517 545 in
549 520 587 552 ις
616 510 658 544 et
688 518 754 550 ευς
782 502 1004 542 borrorcm
1036 499 1194 542 iisdem
1217 515 1502 542 communem.
1525 528 1580 533 -

131 573 183 613 In
214 572 545 629 pronominibus
576 569 882 628 personalibus
912 567 1025 625 apud
1056 567 1197 609 Dores
1229 575 1271 608 et
1300 567 1486 609 Boeotos
1516 584 1581 610 re-

129 639 358 697 periuntur
397 637 579 694 genitivi
619 638 861 694 singulares
905 635 950 676 in
991 652 1034 683 ς,
1081 641 1129 676 ut
1169 636 1312 687 ἔμοῦς,
1368 644 1409 676 et
1450 635 1584 678 dativi

133 707 379 763 singulares
419 705 465 746 in
506 723 557 746 ιν.
637 704 943 747 Nominativus
979 703 1093 759 apud
1124 701 1299 744 eosdem
1327 709 1368 742 et
1397 703 1583 745 Lesbios

130 774 177 816 in
209 791 249 822 ες
280 774 369 816 exit
411 772 537 822 (Dor.
570 773 724 814 Bocot.
757 773 878 825 ἁμές,
925 771 1061 813 Lesb.
1096 769 1266 823 ἄμμες),
1313 771 1584 813 accusativus

132 842 179 883 in
211 859 228 883 ε
258 843 385 893 (Dor.
419 848 460 883 et
490 841 563 882 vix
593 841 717 882 aliter
746 839 952 882 Boeoticc
987 839 1085 891 ἁμέ,
1131 838 1267 880 Lesb.
1303 836 1443 892 ἄμμε).
1504 839 1587 879 Ar-

131 909 292 951 ticulus
338 925 435 951 cum
481 907 830 949 demonstrativis
876 907 943 948 ὅδε
984 914 1027 948 et
1073 905 1192 955 οὗτος
1232 906 1279 947 in
1321 905 1589 948 nominativo

133 977 293 1035 plurali
324 977 438 1033 apud
468 976 610 1017 Dores
641 984 682 1017 et
712 976 901 1017 Boeotos
932 973 1158 1030 antiquum
1187 991 1207 1014 τ
1236 982 1402 1027 servat,
1446 974 1588 1015 relati-

133 1061 236 1086 vum
266 1045 310 1085 in
341 1044 497 1085 iisdem
530 1051 572 1086 et
601 1044 647 1084 in
678 1043 895 1085 Lesbiaca
926 1042 1109 1084 dialecto
1139 1060 1159 1082 τ
1188 1042 1400 1084 asciscere
1429 1049 1586 1100 potest.

133 1111 292 1154 Doridi
322 1111 495 1169 propria
529 1119 630 1152 sunt
661 1110 996 1153 demonstrativa
1037 1113 1181 1163 τῆνος,
1229 1114 1435 1160 τοσσῆνος
1472 1117 1514 1151 et
1553 1110 1591 1150 si

135 1196 220 1237 qua
260 1181 433 1220 fuerunt
474 1179 662 1231 similia,
706 1178 956 1220 reflexivum
998 1177 1224 1226 αὐταυτοῦ,
1278 1178 1395 1236 quod
1434 1185 1500 1219 est
1539 1193 1592 1219 cx

135 1246 260 1295 αὐτὸς
291 1246 414 1288 αὐτοῦ
444 1248 619 1287 factum.
653 1273 706 1279 -—
767 1247 818 1287 In
851 1246 1159 1302 conjugatione
1190 1245 1354 1287 Dorica
1385 1245 1498 1287 nihil
1526 1244 1590 1285 in-

134 1314 306 1372 signius
339 1323 403 1356 est
433 1331 561 1372 quam
593 1314 729 1355 futuri
769 1314 878 1355 ratio
919 1329 995 1367 ca,
1044 1329 1153 1370 quae
1182 1321 1280 1371 post
1316 1330 1340 1354 σ
1369 1312 1527 1355 inserit
1557 1328 1589 1362 ε,

132 1381 179 1422 in
209 1382 341 1424 variis
372 1382 546 1423 dialecti
575 1381 811 1438 generibus
841 1381 1156 1423 diversissimis
1186 1382 1300 1424 illud
1329 1381 1470 1424 modis
1499 1396 1592 1422 mu·

134 1456 268 1490 tatum
300 1448 364 1504 (ξ.
398 1450 476 1503 35,
512 1450 537 1491 3
570 1459 611 1490 et
641 1449 682 1502 ξ.
717 1449 814 1502 26),
854 1466 938 1507 qua
969 1450 1225 1492 formatione
1256 1448 1467 1492 Doridem
1496 1464 1594 1507 pro-

134 1517 237 1575 pius
278 1533 404 1575 quam
447 1517 639 1575 reliquas
683 1517 889 1559 dialectos
930 1517 983 1558 ad
1023 1517 1209 1574 priscam
1247 1517 1444 1576 linguam
1476 1532 1594 1558 acce-

136 1585 239 1625 dere
262 1584 513 1639 docuimus3
545 1586 689 1626 futura
715 1586 880 1643 passivi
911 1586 954 1627 in
979 1585 1146 1627 Doride
1169 1586 1359 1642 genuina
1381 1584 1596 1639 objectiva

135 1652 274 1693 forma
302 1652 364 1693 uti
395 1653 612 1693 videntur.
676 1653 711 1693 E
744 1652 1035 1694 remotissima
1065 1660 1201 1694 aetate
1222 1652 1412 1694 manavit
1432 1651 1595 1710 primae

136 1735 348 1777 personae
378 1720 561 1777 pluralis
592 1720 838 1762 terminatio
869 1736 940 1772 μες
970 1720 1128 1761 Doridi
1159 1720 1360 1778 propria,
1406 1735 1485 1762 nec
1517 1718 1595 1761 mi-

136 1803 219 1828 nus
245 1787 399 1850 tertiae
436 1786 623 1845 pluralis
663 1786 909 1829 terminatio
950 1805 1034 1837 ντι,
1082 1804 1210 1846 quam
1249 1788 1442 1830 notiores
1481 1794 1596 1828 certe

138 1854 312 1896 dialecti
342 1862 562 1896 mutarunt
591 1855 704 1906 (Att.
726 1854 822 1896 Ion.
847 1855 1033 1908 λέγουσι,
1067 1854 1203 1897 Lesb.
1228 1856 1407 1910 λέγοισι,
1439 1855 1592 1897 Boeot.

137 1922 324 1976 λε’γονθι,
371 1923 479 1964 Dor.
514 1922 700 1976 λέγοντι).
775 1922 958 1964 Brevior
999 1922 1149 1965 tertiae
1180 1923 1362 1980 pluralis
1393 1923 1597 1982 praeteri-

136 1995 280 2030 torum
319 1990 644 2048 conjugationis
684 1989 731 2030 in
774 2007 817 2041 μι
862 1990 1000 2032 forma
1044 2006 1180 2048 aeque
1223 1991 1401 2049 antiqua
1445 1990 1593 2047 (ἔγνον,

139 2057 377 2105 ἑδίκασθευ)
416 2058 633 2099 Aeolibus
665 2057 907 2099 communis
940 2065 1019 2100 cst.
1100 2058 1314 2113 Ejusdem
1355 2058 1598 2100 infinitivus

139 2123 186 2164 in
217 2140 287 2176 μευ
318 2125 407 2165 exit
437 2126 551 2183 apud
580 2140 733 2167 omncs
766 2125 1009 2167 Dorienses
1040 2126 1233 2183 exceptis
1264 2125 1478 2179 Rhodiis,
1520 2126 1597 2182 qui

138 2191 483 2234 terminationem
525 2192 571 2233 in
611 2209 698 2245 μειν
734 2193 1011 2250 producunt3
1054 2193 1130 2235 illa
1173 2194 1282 2236 ratio
1323 2211 1409 2235 non
1452 2194 1598 2235 minus

140 2258 346 2301 Boeotica
378 2267 457 2301 est.
520 2260 747 2318 Participii
776 2261 960 2318 perfecti
989 2260 1191 2303 feminini
1212 2262 1482 2315 terminatio7
1514 2276 1598 2319 qua

141 2326 358 2384 antiquior
388 2327 522 2368 Doris
553 2328 755 2370 universa
785 2345 863 2370 usa
893 2345 989 2371 esse
1018 2329 1215 2383 videtur,
1257 2345 1342 2370 una
1378 2345 1474 2371 cum
1504 2329 1599 2371 vul-

144 2393 237 2450 gari
276 2395 345 2434 via
386 2402 428 2435 et
458 2395 606 2436 Ionica
646 2397 713 2436 οἶα
755 2412 777 2437 e
807 2395 905 2437 rudi
935 2396 1118 2453 quadam
1148 2396 1291 2452 prisca
1319 2397 1496 2454 prodiit.
1559 2396 1595 2437 E

141 2460 287 2502 verbis
327 2461 642 2518 irregularibus
683 2470 725 2504 et
767 2462 994 2506 defectivis
1035 2464 1218 2505 maxime
1261 2471 1459 2505 notamus
1492 2480 1599 2506 uon—

143 2527 266 2569 nulla
296 2528 452 2570 Doridi
492 2537 563 2571 aut
598 2529 772 2587 propria
802 2539 874 2572 aut
903 2547 1006 2590 prae
1034 2531 1216 2589 reliquis
1250 2531 1446 2573 dialectis
1477 2532 1599 2574 fami-

143 2595 292 2636 liaria:
342 2595 566 2647 ὂήλεσθαι,
606 2600 799 2647 θᾶσθαι,
841 2602 1042 2647 cuffiam,
1088 2600 1223 2651 ἴσαμι,
1267 2602 1367 2649 infit,
1409 2602 1598 2653 μῶσθαι,

142 2661 382 2704 πάσασθαι.
462 2664 661 2718 Quorum
700 2681 832 2722 quum
863 2667 1067 2723 pleraque
1098 2682 1120 2707 e
1152 2682 1315 2708 summa
1345 2667 1599 2723 antiquitate

144 2729 299 2772 tradita
330 2747 465 2789 eaque
497 2733 593 2791 ipsa
617 2731 668 2774 de
694 2748 821 2775 causa
842 2749 865 2774 a
888 2733 1072 2792 reliquis
1094 2733 1290 2777 dialectis
1317 2750 1403 2775 non
1423 2735 1599 2776 omnino
