1779 3079
324 146 364 205 §.
389 147 467 196 44.
517 149 592 194 De
617 147 857 196 adverbiis
889 146 982 194 loci
1009 145 1325 209 et'temporis.
1447 146 1547 196 367

101 283 348 337 ἐζιιπροσθα,
395 283 569 337 ἔνερθα,
616 283 806 338 ὕπερθα,
854 282 1037 331 ismeone,
1087 298 1269 339 quorum
1305 297 1405 340 pars
1434 281 1548 323 iuter

100 350 305 392 Doricam
347 357 389 391 et
417 351 673 392 Lesbiacam
714 350 944 391 dialectum
982 350 1180 407 ambigua
1222 357 1302 392 est.
1375 349 1548 391 Deinde

64 412 65 415 Ἰ
101 419 306 474 leguntur
333 419 379 459 in
413 403 528 460 tabl».
562 419 736 461 Heracl.
769 417 833 470 Β,
868 418 935 458 17.
986 417 1032 470 Ι,
1065 418 1118 459 39
1159 419 1303 459 &venusta
1343 426 1385 459 et
1425 417 1471 467 I,
1503 418 1546 460 9.

101 487 155 527 52
185 486 421 541 ἐζιιπροσῦα.
483 487 647 527 Eodem
680 485 897 542 pertinent
926 484 1137 541 Hesycbii
1168 486 1338 542 glossae
1363 479 1549 527 Laconi-

100 569 201 595 cae:
250 555 465 607 ἐξέσας,
499 554 675 602 ἔξωθεν·
708 552 937 605 Λάκωνες,
983 552 1058 593 ubi
1089 568 1187 593 cum
1218 553 1549 595 Hemsterhusio

99 621 218 669 ἔξεσα
264 622 295 663 i.
329 637 367 662 6.
415 620 539 669 {gesta
582 620 886 676 corrigendum
927 636 1023 662 esse
1064 621 1167 661 satis
1213 620 1375 662 evincit
1417 622 1550 663 altera

101 689 247 745 glossa
276 704 410 745 aeque
440 688 694 729 Laconibus
724 688 983 730 vindicanda
1013 688 1228 737 ἔντεσα,
1264 687 1421 729 ἔσωθεν
1451 690 1482 730 i.
1507 705 1545 730 6.

100 756 269 804 amaa,
312 755 499 805 ἔντοθεν,
542 755 749 796 ἔντοσθεν.
813 756 955 798 Simul
983 756 1145 797 vocalis
1175 756 1453 797 mutationem
1484 756 1549 797 in-

97 839 193 864 esse
222 823 360 864 vides.
435 823 602 865 Similis
635 825 780 880 glossa
819 823 1042 871 ἔξουθα,
1095 823 1210 871 ἐκτός
1249 823 1278 864 i.
1314 839 1351 864 e.
1396 822 1550 872 ἔξωθεν

96 898 271 949 propter
316 909 346 931 ω
390 891 435 932 in
481 909 527 933 ου
566 899 773 933 mutatum
815 891 1071 933 Thessalica
1109 891 1257 933 haberi
1296 891 1452 948 possit.
1494 918 1550 923 —

98 958 261 1000 Contra
294 958 461 999 &nomeu
491 966 604 1000 certa
633 959 932 1001 emendatione
961 967 1106 1001 nostra
1136 959 1396 1016 Epicharmo
1425 960 1551 1001 resti—

97 1034 235 1068 tutum
267 1035 331 1068 est
360 1028 415 1067 fr.
452 1026 554 1079 153,
604 1043 746 1085 neque
789 1043 861 1068 cas
891 1029 1076 1077 formas,
1123 1042 1232 1084 quac
1263 1034 1362 1085 post
1390 1045 1411 1068 ν
1440 1028 1549 1069 asci—

95 1101 186 1135 tum
219 1112 244 1135 α
273 1095 319 1135 in
353 1111 369 1134 ε
398 1101 595 1146 mutant,
641 1111 663 1135 a
695 1094 862 1136 Doride
901 1095 1109 1136 alieniora
1150 1095 1289 1136 Fuisse
1331 1094 1549 1137 existima-

96 1178 191 1202 mus
222 1178 347 1220 quam
379 1178 402 1202 a
432 1162 646 1203 Lesbiaea
679 1163 863 1204 dialecto
896 1163 952 1203 ef.
986 1162 1085 1203 L.I
1116 1162 1156 1215 ξ.
1182 1163 1253 1216 29,
1285 1163 1327 1204 2.
1370 1191 1424 1197 ——
1469 1164 1550 1205 Ce-

96 1237 235 1271 terum
265 1230 318 1270 ab
349 1231 429 1270 hoc
461 1230 761 1272 adverbiorum
795 1246 953 1285 genere
992 1246 1039 1271 ea
1072 1230 1242 1272 diversa
1272 1247 1396 1284 6556,
1443 1247 1551 1288 quae

96 1313 194 1338 eum
226 1297 546 1353 significatione
576 1298 662 1340 loci
694 1314 759 1339 un
774 1297 835 1338 de
861 1314 938 1355 per
965 1297 1309 1339 terminationem
1327 1305 1401 1340 θεν
1422 1299 1551 1341 etiam

97 1365 209 1422 apud
239 1365 425 1406 Lesbios
458 1373 499 1408 et
527 1366 669 1408 Dores
701 1381 724 1406 a
755 1366 1007 1407 nominibus
1039 1373 1081 1407 et
1110 1367 1442 1424 pronominibus
1474 1367 1551 1408 du-

96 1440 277 1486 cuntur,
309 1432 472 1474 ibidem
506 1441 546 1475 et
576 1434 688 1475 infra
720 1450 786 1474 nr.
822 1434 875 1475 10
904 1434 1095 1475 docetur.
1157 1434 1250 1487 Ea,
1283 1450 1392 1492 quae
1422 1433 1552 1477 modo

95 1501 541 1554 commemoravimus,
572 1517 594 1542 a
626 1502 1022 1559 praepositionibus
1051 1501 1339 1551 descendunt,
1372 1510 1420 1543 ut
1440 1519 1551 1560 quac

94 1568 139 1609 in
163 1569 312 1624 lingua
334 1568 553 1610 Sanserita
575 1569 972 1627 praepositionibus
994 1569 1191 1611 suffixum
1222 1577 1328 1611 stat
1359 1570 1548 1611 addunt:

96 1643 346 1690 avastzst,
381 1636 555 1677 ὄπισθεν
585 1636 636 1677 ab
669 1652 764 1678 ava
791 1664 843 1669 —-
874 1636 1255 1693 uparisehtat,
1286 1638 1467 1691 ὕπερθεν
1496 1638 1550 1679 ab

94 1704 269 1762 upari.
339 1703 438 1745 Jam
478 1704 690 1760 intelligis
730 1704 843 1745 inter
874 1704 1061 1746 Graecas
1103 1705 1244 1746 suffixi
1287 1706 1447 1747 formas
1479 1722 1550 1747 an-

93 1772 325 1828 tiquiorem
367 1787 465 1813 6556
507 1778 594 1812 σθα
633 1772 704 1813 vel
747 1778 871 1819 σθεν,
928 1772 1212 1814 recentiorem
1252 1779 1314 1813 θα
1346 1774 1419 1816 vel
1457 1780 1547 1824 θεν,

93 1855 228 1897 eaque
262 1840 412 1881 suffixa
443 1840 575 1882 variis
607 1839 829 1882 vocalibus
861 1855 959 1881 cum
987 1840 1390 1898 praepositionibus
1414 1840 1551 1899 jungi

94 1907 249 1949 solere.

204 2011 249 2061 7)
308 2011 476 2052 Locum
522 2010 577 2052 in
622 2026 776 2068 quem
817 2018 926 2052 teste
964 2010 1197 2053 Ammonio
1243 2008 1351 2067 (vid.
1399 2019 1490 2054 not.
1525 2013 1547 2054 1

94 2079 224 2128 extr.)
257 2078 502 2134 significant
531 2081 652 2128 πῦς,
687 2079 814 2135 eujus
845 2080 1092 2138 exemplum
1123 2096 1145 2121 6
1175 2078 1401 2138 Sophrone
1431 2080 1551 2121 addit

95 2146 150 2187 fr.
185 2146 265 2198 91,
311 2152 353 2187 et
391 2148 495 2188 ποῖ.
570 2147 717 2203 Hujus
756 2147 802 2188 in
842 2148 985 2189 locum
1014 2150 1074 2199 πᾷ
1103 2148 1417 2190 restituendum
1451 2163 1547 2190 6556

94 2229 194 2255 mox
225 2212 503 2267 docebimus;
543 2214 594 2255 de
624 2216 756 2256 altera
785 2213 1085 2256 adverbiorum
1115 2217 1253 2257 forma
1282 2215 1444 2257 Dorica
1474 2231 1548 2257 ne-

94 2296 164 2322 mo
194 2288 412 2337 praeterea
453 2281 654 2338 antiquus
695 2281 929 2340 quidquam
967 2282 1122 2333 tradit,
1170 2283 1245 2324 sed
1283 2284 1377 2330 ποῖς
1417 2283 1547 2324 corri-

98 2349 287 2405 gendum
330 2364 427 2390 6556
469 2355 510 2389 et
547 2349 724 2390 omnino
766 2349 977 2391 Doridem
1019 2349 1317 2391 terminatione
1364 2366 1426 2398 οις
1468 2367 1546 2408 pro

96 2416 268 2473 vulgari
308 2433 347 2457 οι
390 2431 508 2457 usam
551 2431 645 2457 6556
676 2416 973 2473 liquidissime
1006 2417 1160 2458 docent
1195 2416 1312 2457 tituli
1340 2416 1547 2475 Delphici

97 2498 163 2524 nr.
199 2483 321 2526 1699.
356 2483 479 2526 1703.
515 2482 637 2524 1705.
675 2483 813 2537 1706,
870 2485 946 2526 uhi
984 2486 1119 2527 forma
1161 2482 1444 2539 α’ποτρέχουσα
1486 2487 1546 2534 οἷς·

95 2665 277 2712 πρόσθα
307 2666 434 2701 dicunt
462 2667 518 2700 καὶ
540 2666 580 2701 τὸ
605 2669 705 2701 ἔνθεν
727 2669 863 2712 ὲί’θα“,
901 2679 1054 2712 quorum
1083 2670 1152 2703 hoc
1179 2669 1297 2702 minus
1322 2676 1421 2704 recte
1447 2668 1544 2704 inter

95 2724 234 2757 Dorica
259 2724 431 2761 refertur.
