1779 3079
221 198 263 251 ς,
287 191 364 240 54.
435 191 508 241 De
539 186 732 250 reliquis
761 185 975 235 dialectis
998 185 1358 237 Pseudaeolicis.
1431 187 1531 239 235

87 325 154 368 Eo
182 323 398 382 pertinent
426 322 729 379 inscriptiones
751 320 958 363 Locrieae
990 322 1041 363 C.
1064 323 1099 366 Ι.
1125 323 1244 365 1751.
1271 324 1378 366 1752
1407 324 1531 367 valde

87 399 336 449 corruptae,
367 398 583 447 praeterea
618 388 738 430 1567.
774 389 895 430 1594.
933 388 1056 443 1607,
1089 407 1196 446 quas
1226 392 1473 435 Boeclzhius
1496 395 1530 446 ¹)

87 476 174 502 non
215 467 329 501 recte
361 458 559 510 Chaliac,
609 455 768 514 oppido
796 456 1003 497 Boeotico
1035 456 1177 509 dedit,
1226 475 1357 516 quum
1389 461 1532 517 potius

89 527 297 577 Chalaeo,
338 524 522 567 Locrico
561 524 749 581 oppido,
791 523 1004 580 originem
1046 524 1255 579 debcant,
1298 527 1535 585 Delphicae

88 595 213 638 1688.
248 592 553 636 1690-1694.
590 593 694 634 1699
719 591 883 633 ί1710
923 598 964 633 ct
995 592 1107 647 apud
1137 591 1343 633 Rossiunl
1381 611 1448 637 nr.
1479 596 1536 640 67

88 670 130 704 et
158 662 238 715 713
278 660 386 702 aliae
416 658 630 700 Phocicae
664 659 795 711 17:24,
828 657 854 698 b
896 666 937 700 et
969 659 1074 701 1725
1105 662 1452 717 corruptissimae
1494 671 1537 707 et

88 729 200 786 apud
239 727 447 770 Rossium
482 727 551 768 73.
595 727 665 769 74.
706 726 776 768 75.
821 726 891 768 81.
923 726 992 768 82.
1026 727 1106 782 855
1155 728 1377 770 Aetolicac
1410 731 1533 773 1756.

88 794 212 838 1757.
262 795 386 837 2350.
437 795 563 837 2351.
612 794 752 847 3046,
811 793 1080 835 Acarnanica
1126 795 1263 849 1793,
1319 804 1534 853 postremo

88 863 440 906 Thaumaccnscs
485 861 803 914 1771—1773,
858 877 967 919 quae
1012 877 1099 903 11011
1143 861 1400 906 Thessalica
1447 866 1539 909 dia-

88 931 228 984 lecto,
278 930 353 972 sed
383 929 532 972 eodem
561 929 737 986 linguae
770 944 926 986 genere
956 937 1156 981 utuntur,
1213 931 1327 987 quod
1357 933 1401 973 in
1432 934 1536 977 vici-

88 1014 242 1040 norum
284 998 538 1040 Aetolorum
580 1004 621 1038 et
660 997 898 1038 Locrorum
939 996 1299 1054 inscriptionibus
1337 999 1541 1045 observa..

88 1072 172 1107 tur.
205 1092 259 1098 —
318 1065 519 1106 Ceterum
561 1064 758 1122 plerique
798 1079 850 1105 ex
892 1064 981 1106 illis
1019 1064 1159 1106 titulis
1199 1065 1327 1108 tertio
1367 1076 1439 1110 aut
1470 1086 1536 1113 se-

89 1133 233 1176 cundo
272 1140 369 1175 ante
403 1133 505 1175 Chr.
540 1132 713 1174 saeculo
754 1131 902 1188 scripti
945 1139 1070 1186 sunt,
1129 1131 1394 1190 antiquiores
1437 1145 1538 1181 sunt

92 1200 176 1243 soli
206 1200 410 1259 Delphici
442 1200 566 1249 1688,
600 1200 675 1257 qui
707 1198 778 1240 Ol.
814 1199 909 1249 100,
945 1201 964 1241 1
999 1206 1194 1241 exaratus
1227 1207 1308 1254 cst,
1340 1209 1381 1243 ct
1412 1204 1535 1248 1690.

203 1266 256 1324 3)
298 1269 350 1310 111
381 1267 584 1310 omnihus
616 1267 683 1308 his
717 1266 851 1308 titulis
883 1267 1091 1308 dialectus
1123 1284 1208 1309 non
1242 1270 1421 1312 multum
1453 1272 1540 1317 dis-

91 1342 235 1393 crepat
263 1352 286 1378 3
314 1336 489 1394 vulgato
519 1334 712 1377 Dorismi
743 1350 930 1392 genere,
964 1335 1080 1392 quod
1111 1336 1402 1397 diphthongos
1433 1338 1468 1381 Ξῖ
1499 1349 1542 1384 et

92 1405 139 1446 δῦ
179 1420 398 1462 nunquam
437 1411 571 1445 mutat
610 1404 655 1444 in
698 1404 723 1452 ἦ
763 1410 804 1444 et
843 1406 889 1442 ὦ.
977 1402 1282 1446 Reconditiora
1314 1408 1539 1465 quaedam,

92 1487 234 1529 neque
264 1479 403 1514 tamen
435 1471 578 1512 minus
609 1470 794 1522 Dorica,
840 1469 1113 1527 reperiuntur
1143 1471 1187 1511 in
1219 1473 1539 1531 antiquioribus

92 1539 321 1597 Delphicis
353 1540 473 1582 1688.
509 1539 630 1581 1690.
711 1536 798 1578 Sed
836 1545 1003 1594 praeter
1041 1537 1228 1591 Dorica,
1270 1556 1378 1596 quae
1422 1559 1540 1588 nunc

92 1607 324 1666 praeterire
355 1607 491 1649 satius
521 1614 612 1661 est,
644 1605 853 1647 nonnulla
882 1606 951 1648 his
980 1605 1340 1665 inscriptionibus
1370 1610 1537 1668 insunt,

140 1860 175 1901 1)
223 1858 316 1893 Tres
341 1856 398 1891 illi
424 1856 538 1900 tituli,
564 1858 702 1892 exarati
730 1858 765 1893 in
793 1857 919 1892 eodem
947 1858 1072 1904 lapide
1096 1860 1139 1895 ad
1168 1864 1331 1908 Asopum
1356 1865 1393 1901 in
1419 1868 1541 1905 Boeo-

93 1916 145 1950 113
170 1923 339 1960 reperto,
376 1914 557 1958 originem
584 1916 715 1950 debent
739 1916 879 1961 oppido
905 1916 1048 1950 cuidam
1073 1917 1236 1963 Χαλείῳ,
1268 1924 1365 1964 quod
1392 1926 1427 1959 in
1455 1929 1541 1964 ulti-

96 1985 153 2007 mo
179 1973 391 2007 nominatur.
454 1972 497 2005 Id
526 1973 738 2007 Boeckliius
767 1985 835 2007 non
863 1973 1047 2008 diversum
1073 1987 1150 2010 esse
1173 1978 1349 2020 judicavit
1374 1994 1394 2016 a
1421 1985 1541 2021 Boeo-

95 2031 169 2065 tico
195 2030 334 2075 oppido
360 2029 405 2062 ad
431 2029 613 2075 Euripum
639 2032 721 2074 sito,
748 2031 844 2073 quod
873 2030 969 2075 apud
997 2043 1103 2066 unum
1128 2033 1349 2079 Stephanum
1376 2051 1395 2074 e
1421 2042 1544 2079 Theo-

96 2099 231 2134 pompo
259 2095 572 2121 commemoratum
597 2092 719 2123 Χαλιά
746 2089 856 2122 audit.
905 2091 952 2122 At
979 2098 1231 2134 praeterquam
1258 2096 1355 2136 quod
1386 2100 1543 2137 nominis

97 2145 344 2190 discrepantia
368 2146 481 2186 maJ'or
505 2153 558 2180 est
582 2153 617 2181 et
642 2146 739 2189 quod
768 2146 897 2180 Chalia
922 2157 964 2179 ea
989 2155 1127 2191 aetate,
1151 2148 1333 2192 siquidem
1358 2165 1543 2200 superstes

96 2211 199 2247 erat,
234 2203 299 2235 vix
329 2201 589 2245 autonomiam,
628 2215 734 2246 quam
770 2204 956 2237 titulorum
988 2205 1081 2238 13110
1107 2207 1251 2250 prodit,
1289 2220 1452 2248 servasse
1475 2228 1545 2261 pu-

97 2261 207 2296 tanda
231 2267 302 2302 est,
344 2259 499 2293 maxime
526 2261 716 2294 Boeckbio
740 2261 951 2294 adversatur
986 2262 1164 2297 dialectus
1190 2265 1328 2301 Dorica
1358 2269 1394 2303 111
1428 2273 1544 2309 titulis

97 2317 284 2353 Boeoticis
318 2316 490 2350 inaudita.
551 2317 680 2351 Potius
715 2318 916 2353 Locrorum
942 2319 1137 2354 Ozolarum
1180 2324 1356 2368 oppidum
1381 2329 1544 2366 Χάλαιον

100 2377 162 2419 (de
193 2387 266 2419 quo
292 2374 366 2408 vid.
393 2373 518 2418 Steph.
542 2375 636 2420 Byz.
672 2382 706 2409 et
741 2375 852 2419 intt.),
896 2376 1056 2422 intelligi
1088 2379 1234 2423 jubent,
1284 2392 1429 2426 praeter
1464 2387 1543 2423 dia-

99 2434 232 2468 lectum
270 2438 305 2465 et.
335 2431 492 2464 nominis
522 2432 673 2465 formam
706 2433 823 2467 levius
859 2442 1051 2480 mutatam,
1095 2437 1187 2471 01115
1223 2440 1439 2486 Aegiensis,
1484 2446 1542 2482 cui

101 2490 282 2536 proxenia
307 2488 553 2523 Chaliensium
580 2490 686 2523 datur
714 2490 751 2523 in
784 2502 838 2525 nr.
866 2493 972 2534 1567,
1004 2498 1039 2526 et
1064 2493 1170 2527 homo
1194 2496 1413 2540 Amphissae
1438 2501 1543 2538 habi-

101 2554 198 2591 tans,
225 2548 260 2581 in
286 2558 339 2581 nr.
369 2549 455 2581 1607
482 2546 648 2590 Apollini
674 2546 846 2592 νασιώτᾳ,
882 2551 981 2592 cujus
1006 2551 1179 2595 templum
1205 2553 1324 2587 Chalii
1350 2557 1461 2593 fuisse
1486 2562 1542 2596 vi-

102 2605 231 2648 detur,
267 2604 486 2648 mancipium
521 2605 697 2649 venden33
730 2617 809 2640 narn
837 2606 1120 2641 Chalaeensibus
1151 2609 1321 2652 frequens
1350 2625 1428 2649 cum
1454 2620 1541 2654 Am-

104 2663 227 2706 phissa
263 2670 297 2696 et
322 2661 441 2705 Aegio
478 2663 731 2696 commercium
766 2663 902 2706 fuisse,
938 2674 1008 2697 non
1044 2665 1172 2698 mirum
1197 2674 1250 2700 est
1278 2671 1406 2715 oppidi
1431 2675 1538 2713 situm

104 2719 296 2764 reputanti.
357 2718 547 2753 Quomodo
579 2720 709 2755 sactum
734 2721 803 2763 sit,
838 2728 876 2756 ut
900 2721 994 2766 lapis
1018 2721 1062 2755 ad
1088 2723 1270 2767 Asopum,
1304 2725 1397 2762 haud
1426 2735 1537 2774 muno

106 2777 335 2811 remotiorem
361 2787 381 2811 3
405 2777 563 2812 Chalaeo
587 2788 692 2821 quam
717 2789 737 2813 a
761 2778 913 2822 Chalia,
939 2778 1164 2825 deferretur,
1190 2782 1378 2821 nescimus.
