1779 3079
246 177 346 228 428
395 178 436 239 ᾗ.
455 177 532 228 50.
562 180 636 226 De
653 178 852 227 Doridis
875 195 1110 244 generum
1132 190 1178 228 et
1197 181 1471 244 specierum
1495 183 1694 248 origine.

246 333 400 370 usum,
431 333 519 375 quo
550 317 738 360 severior
765 318 899 360 Doris
929 318 1114 360 maxime
1146 319 1456 379 distinguitur,
1489 337 1588 363 eum
1617 323 1701 364 La-

246 385 429 426 conibus
461 401 732 428 communem
762 387 919 429 habent
949 394 995 428 ut
1025 387 1137 429 Gen.
1170 388 1360 444 ΙΙῙόσχω,
1399 390 1475 431 sed
1506 390 1700 445 omnino,

246 460 456 510 quantum
488 454 535 495 iu
566 462 681 496 tanta
712 454 895 496 fontium
927 456 1109 512 penuria
1141 457 1347 514 cognosci
1377 459 1543 515 potest,
1589 458 1702 500 nihil

244 522 335 563 sere
379 537 477 563 cum
520 522 598 565 illa
641 524 845 566 (liss'erunt
887 532 1182 583 praeterquam
1224 525 1446 568 vocalibus
1488 544 1537 568 αο
1577 526 1622 567 ἱιι
1651 543 1702 567 av

245 590 480 632 contractis
520 599 566 632 ut
604 591 844 644 Εὐμηλίδαυ
885 592 997 634 Gen.
1039 609 1118 651 pro
1157 593 1423 645 Εὐμηλίὸαο,
1471 594 1580 636 Dor.
1613 593 1702 635 Εὐ-

245 659 410 710 μηλίὸα.
484 660 636 718 Itaque
674 659 712 700 si
754 659 800 700 in
841 660 932 702 illis
973 661 1256 719 regionibns,
1306 661 1421 703 unde
1461 662 1701 704 Dorienses

244 726 527 783 prodierunt,
573 727 687 784 apud
720 729 907 785 populos
939 745 1035 770 eum
1065 730 1175 786 ipsis
1206 730 1593 785 conjunctissimos
1623 730 1701 771 mi-

243 794 332 836 tius
372 794 553 837 Doridis
599 811 737 853 genus
780 796 946 849 valuit,
1005 797 1119 854 apud
1161 798 1358 839 Arcades
1406 799 1703 856 Peloponnesi

244 862 511 918 Aborigines
534 863 686 919 lingua
710 862 918 904 severiori
938 864 1095 905 Doridi
1117 866 1241 907 valde
1262 866 1524 923 propinqua,
1556 882 1703 909 nonne

242 931 480 973 verisimile
521 939 612 984 est,
667 930 903 988 Spartanos
941 932 1183 989 priscorum
1223 933 1465 975 incolarum
1508 934 1701 990 linguam

242 998 502 1056 adoptasse?
565 998 841 1056 Stupebunt,
875 999 950 1057 qui
973 999 1018 1041 iu
1041 1016 1089 1041 ea
1110 1001 1317 1058 opinione
1343 1003 1537 1057 haerent,
1571 1002 1701 1060 Spar-

242 1074 366 1109 tanos
398 1066 605 1109 Doricam
645 1067 692 1108 in
733 1084 904 1125 quaque
940 1085 987 1110 re
1028 1070 1335 1127 proprietatem
1367 1070 1703 1129 religiosissime

244 1151 454 1178 servasse.
516 1135 672 1193 Neque
702 1143 843 1178 tamen
876 1151 925 1177 ea
955 1137 1170 1193 suspicio,
1217 1155 1303 1195 quo
1333 1138 1632 1195 imprudentes
1661 1145 1703 1180 et

241 1219 381 1260 paene
425 1203 552 1245 iuviti
592 1204 723 1246 delati
769 1220 947 1259 sumus,
1005 1221 1084 1263 per
1129 1222 1175 1248 se
1218 1206 1351 1248 nimis
1392 1207 1578 1249 absurda
1619 1214 1699 1249 est.

241 1271 414 1329 Reputa
452 1272 595 1327 enim,
644 1289 772 1331 quam
811 1280 976 1315 mature
1007 1273 1213 1316 Germani
1251 1275 1364 1317 iuter
1402 1275 1585 1333 populos
1618 1274 1701 1316 La-

242 1339 357 1381 tinae
397 1340 574 1399 linguae
613 1343 908 1394 assuefaetos7
953 1341 1195 1383 Normanni
1240 1343 1352 1385 inter
1392 1343 1701 1399 Franeogallos

241 1407 403 1465 patriae
430 1409 608 1467 linguae
647 1409 770 1453 obliti
811 1410 914 1451 sint.
991 1410 1157 1463 Quidni
1189 1410 1417 1468 Spartani,
1466 1411 1592 1468 pauci
1623 1426 1702 1452 nu-

240 1492 386 1531 mero,
430 1477 704 1520 Achaeorum
746 1494 794 1519 ea
831 1484 967 1519 aetate
996 1478 1109 1519 haud
1143 1479 1274 1520 dubie
1305 1478 1538 1521 cultiorum
1571 1478 1703 1520 diale-

241 1551 357 1585 ctum
387 1545 541 1587 leviter
572 1562 595 1586 a
627 1563 703 1588 sua
737 1546 1049 1604 discrepantem
1081 1547 1308 1604 adoptasse
1335 1555 1549 1604 putemus,
1581 1562 1702 1604 prae-

243 1613 391 1654 sertim
423 1631 556 1672 quum
587 1614 767 1657 Helotes
800 1614 966 1656 Achaei
1007 1616 1052 1655 in
1093 1615 1273 1657 familiis
1309 1615 1580 1656 dominorum
1609 1630 1701 1656 ver-

243 1690 441 1723 sarentur
481 1690 522 1724 et
563 1699 696 1739 quum
738 1690 835 1724 ante
875 1684 998 1740 leges
1028 1684 1282 1741 Lycurgeas
1314 1682 1514 1739 Spartani
1546 1699 1568 1723 a
1602 1683 1701 1724 reli·

241 1749 342 1806 quis
373 1751 618 1792 Laconicae
649 1751 809 1793 ineolis
840 1753 914 1793 vix
944 1760 1165 1810 tantopere
1198 1752 1353 1793 secreti
1385 1758 1546 1792 essent.
1614 1750 1699 1793 Re-

241 1818 352 1859 ctius
385 1818 678 1874 dubitaveris,
725 1836 777 1861 an
809 1819 1050 1862 Dorienses
1091 1829 1190 1861 ante
1221 1819 1434 1861 coloniam
1467 1818 1699 1871 Creticam,

240 1902 351 1942 quae
393 1888 589 1944 proximo
630 1896 729 1945 post
760 1889 956 1946 Spartam
997 1896 1163 1946 captam
1203 1896 1394 1944 tempore
1426 1887 1607 1927 deducta
1634 1886 1702 1926 vi-

242 1953 421 2005 deatur,
467 1956 699 1997 dialectum
730 1957 922 1997 nondum
955 1956 1229 1997 mutaverint.
1310 1958 1370 1994 At
1400 1954 1521 2004 vide,
1573 1970 1700 2012 quam

241 2021 510 2064 Creticarum
549 2039 693 2064 rernm
733 2025 916 2081 repetita
956 2023 1261 2080 contemplatio
1304 2022 1595 2079 suspicionem
1627 2038 1701 2063 no·

240 2096 370 2132 stram
403 2107 489 2132 nou
520 2091 759 2148 insi-iugat‚
793 2092 869 2133 sed
902 2091 1139 2132 confirmet.
1202 2090 1366 2147 Lyctus
1386 2124 1397 2139 ,
1431 2106 1541 2147 quae
1573 2090 1700 2147 Spar-

238 2165 436 2199 tanorum
468 2159 639 2201 colonia
670 2159 939 2216 appellatur,
973 2174 1055 2215 qua
1088 2159 1272 2199 dialecto
1304 2175 1380 2200 usa
1408 2159 1575 2199 sitnon
1601 2173 1700 2198 cou-

240 2233 337 2267 stat.
407 2227 549 2269 Pollis
592 2234 633 2268 et
672 2227 903 2283 Delphus,
953 2227 1029 2283 qni
1070 2226 1283 2267 coloniam
1324 2242 1346 2267 e
1378 2227 1597 2267 Laconica
1628 2226 1697 2267 de-

240 2295 419 2336 duxisse
461 2296 685 2349 seruntur,
735 2295 935 2335 Achaeos
977 2293 1159 2335 maxime
1198 2302 1326 2350 atque
1355 2294 1527 2350 Minyas
1561 2301 1700 2336 traxe-

240 2370 342 2404 runt
372 2379 394 2404 e
424 2363 582 2421 priscis
615 2364 858 2405 Laconicae
892 2363 1080 2414 incolis,
1127 2362 1288 2418 quibus
1320 2362 1579 2403 severiorem
1610 2363 1698 2404 Do·

240 2431 378 2473 ridem
410 2432 753 2485 simlicavimusg
799 2431 963 2487 reliqua
995 2439 1163 2486 practer
1192 2430 1411 2487 linguam,
1457 2446 1567 2487 qime
1597 2429 1700 2471 utri·

241 2516 327 2557 que
360 2507 494 2541 terrae
526 2500 771 2542 communia
811 2507 939 2551 sunt,
984 2499 1190 2555 pleraque
1230 2499 1400 2539 facilius
1439 2499 1492 2538 ad
1536 2498 1698 2555 pr1sc0-

241 2584 337 2609 rum
367 2568 606 2610 incolarum
649 2567 978 2625 cognationem,
1027 2582 1152 2622 quam
1195 2566 1248 2607 ad
1280 2566 1588 2623 Spartanorum
1629 2581 1698 2606 co-

241 2635 401 2677 loniam
432 2636 544 2677 trahi
589 2643 783 2693 possunt.
860 2635 1113 2683 Postremo,
1161 2633 1204 2674 id
1250 2634 1367 2691 quod
1397 2633 1597 2690 inprimis
1628 2649 1695 2674 ur-

243 2720 417 2758 gemus,
465 2720 539 2745 eae
583 2704 805 2755 civitates,
851 2702 1009 2760 quihus
1041 2701 1301 2744 severiorem
1332 2701 1542 2743 Doridem
1572 2700 1693 2742 sami-
