1818 3108
1484 184 1549 230 XI

121 316 293 358 illorum
332 323 500 374 peccata
537 315 661 358 tacite
704 315 915 357 damnare.
1005 317 1186 375 Saepius
1225 318 1387 361 Tecum
1424 336 1548 378 quam

120 423 218 449 eum
246 408 340 449 aliis
371 407 683 465 pugnavimus,
722 424 808 449 non
838 425 922 466 quo
952 410 1121 467 saepius
1150 411 1222 452 Te
1259 412 1425 470 lapsum
1456 429 1548 454 esse

117 498 428 554 judicaremus,
471 499 545 540 sed
576 498 673 556 quia
702 506 816 541 tauta
846 507 908 541 est
938 499 1033 541 Tua
1062 502 1173 557 apud
1202 518 1280 545 nos
1307 503 1548 553 auctoritas,

122 596 168 630 ut
195 605 320 646 aegre
360 589 444 647 ipsi
473 590 599 632 nobis
629 590 922 642 crederemus,
971 591 1008 633 si
1036 592 1207 650 quando
1237 611 1259 635 a
1288 594 1352 637 Te
1383 595 1551 638 dissen-

119 681 310 723 tiendum
337 682 564 724 videretur.

232 775 283 815 In
327 774 580 833 Appendice
620 774 795 826 Alcaei,
847 774 1072 834 SapphuS‚
1116 776 1326 820 Corinnae
1367 781 1552 823 carmina

119 863 383 918 addidimus,
431 881 671 923 quanquam
700 882 836 923 nuper
872 882 896 907 a
928 865 1364 910 Schneidewino
1405 879 1551 913 nostro

120 953 167 994 in
233 952 471 997 Delectu
531 956 665 1004 multo
721 972 847 1014 quam
913 964 1034 999 antea
1101 959 1384 1002 emendatiora
1440 962 1550 1003 edita

120 1051 254 1086 erant.
338 1045 400 1086 At
434 1045 614 1102 primum
650 1046 696 1089 id
735 1047 1040 1103 spectavimus,
1092 1056 1139 1090 ut
1174 1049 1317 1093 lucido
1357 1053 1550 1110 exemplo

122 1137 454 1192 deelararemus,
504 1155 585 1197 qua
616 1139 794 1181 dialecto
834 1141 1005 1183 illorum
1035 1142 1220 1184 carmina
1259 1160 1334 1185 usa
1364 1160 1459 1186 esse
1488 1161 1551 1186 ar·

119 1228 370 1271 bitraremur
388 1260 401 1283 9
432 1237 580 1272 nostro
609 1231 781 1289 quidem
812 1232 1029 1288 proposito
1061 1233 1326 1275 audaciorem
1357 1243 1550 1276 coustan-

120 1320 222 1374 tiam
252 1320 479 1363 convenire
506 1320 612 1376 rati3
661 1328 876 1379 praeterea
904 1322 1017 1363 haud
1046 1338 1226 1379 paucas,
1270 1324 1425 1381 quibus
1456 1341 1552 1366 scn-

123 1426 198 1452 sus
234 1411 447 1468 tangitur,
497 1411 813 1453 emendationes
853 1412 1122 1453 tentavimus.
1213 1413 1418 1455 Ordinem
1466 1415 1550 1456 fra-

121 1507 387 1555 gmentorum
417 1500 676 1543 servavimus
698 1499 1164 1552 Scllneidewinianlin1,
1196 1500 1385 1541 numeris
1413 1508 1551 1542 tamen

122 1590 371 1632 Matthiauis
401 1599 442 1632 et
469 1591 674 1634 Nevianis
704 1590 954 1648 adscriptis3
994 1590 1232 1631 addidimus
1266 1607 1312 1631 ea
1351 1592 1549 1643 frustula,

125 1693 233 1734 quae
263 1678 336 1719 ille
377 1694 500 1719 suum
528 1679 755 1720 consilium
795 1686 965 1720 secutus
1004 1678 1172 1732 omisit5
1216 1679 1261 1719 in
1291 1679 1452 1720 notulis
1480 1695 1549 1721 eas

121 1766 326 1808 librorum
354 1766 560 1808 lectiones
590 1767 868 1817 cantavimus,
900 1783 1007 1824 quac
1036 1767 1226 1824 proxime
1257 1767 1309 1808 ad
1339 1768 1551 1824 conjectu-

122 1875 190 1900 ras
219 1866 408 1915 receptas
437 1857 671 1911 accedunt,
711 1866 751 1899 ct
790 1857 1063 1912 brevissime,
1103 1858 1355 1916 plerumque
1395 1860 1446 1900 ad
1476 1876 1548 1901 no-

123 1959 254 1993 strum
284 1950 477 1992 libelhun
504 1949 572 1991 vel
601 1948 654 1989 ad
672 1948 867 1989 Muscum
893 1948 1148 1988 Rhenanum
1180 1948 1414 2005 ableg-ando
1440 1949 1547 1990 indi-

123 2042 339 2091 cavimus,
370 2050 453 2082 cur‘
472 2056 495 2081 a
525 2039 739 2097 prioribus
769 2038 1024 2092 editoribus,
1056 2038 1235 2080 maxime
1265 2056 1288 2080 a
1318 2039 1551 2080 Schneide-

124 2130 239 2174 wino
277 2128 610 2170 discesserimus.
686 2127 831 2181 Quum
867 2127 1003 2177 enim,
1045 2142 1099 2167 ne
1129 2127 1228 2168 libri
1257 2127 1391 2169 moles
1421 2128 1549 2168 nimis

124 2228 372 2278 augeretur,
422 2218 736 2261 emendationes
765 2224 954 2271 nostras,
996 2233 1102 2274 quae
1132 2218 1336 2274 ampliore
1366 2218 1549 2275 disputa-

126 2313 240 2355 tione
269 2318 467 2370 egcrcut,
497 2311 787 2354 Welckcro
816 2309 1195 2352 transmisissemus
1215 2340 1226 2362 7
1257 2326 1352 2367 pars
1381 2309 1426 2349 in
1453 2308 1548 2351 Mu-

126 2404 188 2446 sei
216 2403 412 2445 Rhenani
440 2404 522 2445 vol.
547 2402 626 2444 VI.
656 2403 760 2444 fase.
795 2401 850 2443 II.
882 2402 1023 2443 lucem
1052 2401 1172 2455 vidit,
1203 2400 1380 2458 reliquis
1411 2415 1548 2458 spera-

126 2509 220 2536 mus
237 2492 512 2536 Welckerum
541 2493 586 2534 in
614 2493 806 2550 proximo
835 2494 1042 2535 fasciculo
1070 2494 1211 2535 locum
1232 2506 1543 2533 concessurum.

127 2584 177 2625 In
206 2582 426 2624 Theocriti
463 2584 722 2626 carminibus
750 2584 942 2626 Aeolicis
981 2601 1073 2625 raro
1114 2600 1135 2624 a
1165 2582 1383 2624 codicibus
1414 2582 1546 2623 disce-

129 2676 227 2716 dere
279 2674 372 2717 ausi
420 2690 592 2728 sumus7
642 2673 742 2732 quia
791 2675 916 2727 latet,
974 2689 1098 2731 quam
1138 2680 1328 2717 accurate
1366 2671 1547 2713 imitator
