1779 3079
342 189 382 247 §.
423 191 501 239 20.
576 192 648 238 De
683 211 710 246 η
746 206 832 252 pro
868 211 904 236 ,ει
939 200 984 237 et
1024 211 1056 235 ω
1092 208 1178 252 pro
1215 210 1280 236 ov.
1448 190 1533 236 171

91 323 189 366 Gel.
219 324 366 382 Syrac.
389 356 400 375 ,
431 326 658 379 πρόβουλοι
682 327 873 367 Acharn.
924 326 996 377 21,
1030 326 1290 379 συμβουλεύω
1321 327 1477 385 Sophr.
1496 328 1540 369 8⁹

92 393 235 441 δοῦλος
265 409 362 435 cum
393 394 595 435 derivatis
628 394 673 434 in
703 393 863 450 Delph.
897 393 1031 434 Phoc.
1064 394 1210 436 Aetol.

204 481 285 521 Ad
316 497 388 522 nr.
422 481 474 522 7:
520 480 587 520 Dc
619 481 749 526 κεῖνος
781 478 824 519 ἰι]
843 478 1011 519 mitiore
1032 478 1197 519 Doride
1228 480 1314 521 vid.
1338 481 1378 533 ξ.
1399 481 1540 531 33,3;

92 548 260 603 κώρια
291 549 399 589 male
431 564 452 588 a
476 547 704 588 Dindorfio
736 562 787 587 ex
814 546 1015 602 Elmsleji
1049 547 1293 602 conjectura
1324 555 1541 606 receptum

92 623 157 659 est
188 616 377 657 Acharn.
411 615 522 667 697,
565 614 641 655 ubi
681 614 823 672 potius
852 613 973 670 legas
1005 613 1125 666 κόρια
1158 614 1334 656 κάθλιόυ
1363 616 1543 670 arumde,

91 685 330 735 Αωρικλέος
360 682 442 723 Iss.
473 682 578 724 1835
601 698 623 723 a
648 681 868 724 Boeckhio
901 682 944 722 in
967 683 1196 734 Αορικλέος
1226 691 1428 724 mutatum
1462 692 1542 737 est,

91 767 171 793 nec
213 749 350 807 magis
396 752 651 804 Λωρίμαχος
694 749 866 791 tolerari
911 749 1093 791 debebat
1136 750 1180 791 in
1227 751 1361 793 Ther.
1403 753 1542 804 ‘24:383

96 817 330 872 Οὐρανία
372 824 437 858 est
479 818 522 859 in
571 819 697 860 titulo
739 817 977 876 Segestano
1016 817 1072 858 R.
1113 817 1169 859 R.
1215 846 1269 850 —
1327 819 1543 861 Addimus

88 885 205 944 quod
235 901 311 943 pro
344 884 613 939 ἀρωραῖοι
642 885 834 928 Acharn.
866 886 950 928 728
988 901 1011 926 e
1030 885 1289 929 'Ravennatc
1322 886 1544 941 ἇρουραῖοι

86 953 401 997 restituendum
433 960 498 995 est

203 1039 272 1086 13)
330 1037 425 1080 Jam
460 1037 562 1079 satis
593 1037 908 1079 demonstrasse
941 1037 1067 1079 nobis
1097 1038 1295 1080 videmur
1325 1054 1402 1092 ea,
1435 1054 1544 1097 quac

87 1106 420 1166 proposuimus,
467 1105 658 1146 severius
703 1105 841 1147 solum
876 1105 1059 1148 Doridis
1102 1123 1242 1163 genus
1276 1126 1297 1157 η
1329 1114 1371 1148 et
1402 1125 1432 1147 ω
1464 1123 1544 1164 pro

88 1174 341 1232 vulgaribus
385 1190 420 1213 ει
461 1180 503 1213 et
539 1189 585 1213 ov
628 1172 782 1214 hahere
829 1173 998 1231 (paucis
1038 1174 1296 1230 quibusdam
1338 1175 1543 1232 exceptis,

89 1258 198 1301 quac
229 1242 335 1283 adeo
365 1241 410 1282 in
442 1240 543 1282 Iade
575 1258 605 1280 ω
636 1244 857 1293 tuentur),
905 1257 1044 1300 neque
1086 1242 1201 1283 illan}
1236 1242 1422 1299 ubique,
1469 1243 1545 1284 sed

89 1312 277 1368 (praeter
306 1325 379 1359 ea,
427 1324 536 1365 quae
567 1308 858 1350 contrahendo
889 1316 984 1350 nata
1015 1318 1114 1351 sunt
1145 1317 1186 1351 ct
1215 1319 1382 1367 praeter
1411 1314 1545 1368 pauca

90 1378 325 1437 quaedam,
376 1393 558 1435 quorum
598 1377 722 1435 origo
764 1384 805 1419 et
835 1378 1145 1435 ¹antiquissima
1187 1378 1321 1420 forma
1363 1379 1544 1420 obscura

89 1448 172 1498 est)
206 1446 250 1487 in
284 1445 337 1486 iis
369 1445 665 1498 solummodo,
699 1461 807 1502 quae
842 1445 1133 1502 diphthongos
1163 1462 1197 1486 ει
1227 1454 1268 1488 et
1300 1464 1346 1488 ου
1371 1454 1546 1505 propter

89 1529 322 1556 consonam
356 1513 533 1568 ejectam
565 1530 619 1555 ex
641 1529 657 1553 ε
683 1520 725 1554 et
749 1528 773 1554 o
805 1513 1087 1570 productione
1119 1514 1380 1571 suppletoria
1414 1517 1546 1557 factas

89 1582 263 1623 habent.
340 1580 492 1622 Sicuhi
534 1579 793 1637 diphthongi
835 1581 945 1623 alius
977 1581 1158 1638 originis
1190 1589 1314 1635 sunt,
1358 1600 1380 1624 a
1410 1584 1545 1626 nullis

90 1648 370 1692 Doriensium
403 1655 647 1702 mutantur,
681 1656 728 1689 ut
757 1650 913 1698 πείθω,
947 1650 1067 1689 λείπω
1097 1665 1120 1690 c
1153 1650 1373 1692 radicibus
1394 1659 1473 1692 πιθ
1504 1659 1546 1693 et

91 1723 185 1767 λιπ,
215 1717 494 1768 ἹΙρακλείὸας
524 1732 577 1756 ex
603 1717 905 1771 “.Ηρακλε“ι”ὁας,
953 1716 1096 1766 οὗτος,
1130 1716 1175 1758 οὐ
1207 1725 1287 1759 etc.
1349 1719 1543 1778 Dignum

91 1793 231 1827 autem
263 1791 353 1836 est,
398 1799 484 1841 quo
515 1783 702 1825 animum
731 1785 952 1834 advertas,
1006 1785 1121 1842 quod
1152 1785 1195 1826 in
1228 1787 1440 1829 severiore
1472 1787 1545 1829 illa

90 1852 257 1893 Doride
297 1868 373 1909 pei·
410 1851 739 1909 productionem
779 1852 1085 1910 suppletoriam
1117 1854 1268 1897 breves
1300 1856 1467 1897 vocales
1499 1856 1543 1896 in

24 1932 32 1944 '
89 1922 205 1962 hunc
235 1919 406 1962 modum
439 1918 744 1961 immutantur:

351 2007 376 2045 ἅ
434 2021 450 2046 ε
506 2007 526 2043 ἴ
585 2022 605 2047 ο
666 2007 687 2045 ὕ

259 2072 306 2113 in
348 2074 372 2113 ἆ
424 2091 448 2123 η
505 2074 523 2111 ἶ
576 2090 606 2113 ω
661 2074 697 2114 ὗ.

203 2158 372 2211 Vides,
418 2174 544 2216 quam
587 2160 693 2200 haec
734 2159 844 2201 ratio
883 2159 1022 2217 magis
1061 2161 1145 2203 sihi
1177 2170 1372 2216 constet,
1418 2180 1543 2221 quam

90 2225 236 2268 Attica
266 2233 307 2266 et
336 2225 480 2267 Ionica
510 2226 636 2268 ctiam
666 2226 827 2269 mitiori
857 2228 1013 2269 Doridi
1043 2230 1239 2287 propria,
1289 2247 1372 2289 qua
1404 2248 1420 2272 ε
1451 2241 1492 2273 et
1522 2250 1542 2273 ο

91 2294 344 2351 plerumque
375 2292 418 2333 in
451 2309 485 2333 ει
516 2301 557 2335 et
588 2311 634 2336 ov
663 2295 986 2352 producuntur,
1017 2313 1114 2338 nam
1147 2313 1219 2338 eae
1252 2315 1423 2356 quoque
1455 2300 1542 2340 dia-

90 2361 194 2404 lecti
235 2359 449 2401 interdum
496 2379 517 2407 η
563 2369 605 2402 et
645 2379 676 2402 ω
715 2364 1036 2420 praetulerunt,
1078 2374 1123 2407 ut
1153 2365 1287 2418 πατὴρ
1319 2373 1360 2408 et
1392 2368 1543 2418 δαίμων

91 2445 170 2487 pro
200 2444 349 2480 πατερς
380 2434 422 2468 et
453 2429 617 2479 δαιμονς
648 2430 785 2487 posita
819 2439 932 2472 sunt.
1009 2432 1268 2491 Quanquam
1299 2441 1447 2474 neutra
1477 2450 1540 2475 ra-

91 2495 152 2538 tio
194 2494 492 2552 antiquissima
531 2503 618 2548 est,
669 2498 871 2555 quoniam
909 2498 1013 2540 olim
1044 2515 1231 2542 consona
1264 2500 1358 2557 ipsa
1386 2501 1541 2542 retine—

90 2563 242 2616 batur,
275 2570 323 2604 ut
350 2579 402 2603 cx
435 2563 588 2615 ἄγουσα
617 2571 658 2605 et
689 2565 828 2618 ἄγωσα
860 2573 901 2608 et
932 2566 1087 2620 ἄγουσα
1117 2575 1213 2608 nata
1244 2575 1368 2621 sunt,
1399 2576 1540 2611 tamen

91 2631 212 2673 illam
241 2631 468 2687 longarum
496 2631 707 2673 vocalium
732 2641 942 2676 amantem
967 2635 1112 2693 aliquo
1135 2635 1234 2690 jure
1255 2636 1539 2692 antiquiorem

92 2699 340 2756 praedicare
369 2698 487 2751 licet,
519 2713 604 2738 non
636 2715 686 2741 eo
716 2706 856 2743 tamen
888 2718 1043 2755 seusu,
1077 2710 1123 2742 ut
1143 2702 1271 2744 Iones
1293 2711 1335 2744 ct
1359 2704 1432 2762 qni
1451 2706 1538 2746 Do-

93 2765 200 2807 ridis
231 2765 398 2808 mitiore
429 2781 586 2821 genere
618 2774 794 2809 utuntur
824 2769 946 2825 prius
985 2768 1152 2823 liywooe,
1197 2778 1342 2828 postca
1383 2772 1537 2824 ἄγουσα
