<?xml version="1.0" encoding="UTF-8"?>
<!DOCTYPE html PUBLIC "-//W3C//DTD XHTML 1.0 Transitional//EN"
    "http://www.w3.org/TR/xhtml1/DTD/xhtml1-transitional.dtd">
<html xmlns="http://www.w3.org/1999/xhtml" xml:lang="en" lang="en">
 <head>
  <title>
</title>
<meta http-equiv="Content-Type" content="text/html;charset=utf-8" />
  <meta name='ocr-system' content='tesseract 3.04.00' />
  <meta name='ocr-capabilities' content='ocr_page ocr_carea ocr_par ocr_line ocrx_word'/>
</head>
<body>
  <div class='ocr_page' id='page_1' title='image "./degraecaelinguae01ahreuoft_0748.png"; bbox 0 0 1779 3079; ppageno 0'>
   <div class='ocr_carea' id='block_1_1' title="bbox 251 196 1763 264">
    <p class='ocr_par' dir='ltr' id='par_1_1' title="bbox 251 196 1763 264">
     <span class='ocr_line' id='line_1_1' title="bbox 251 196 1763 264; baseline -0.003 -14"><span class='ocrx_word' id='word_1_1' title='bbox 251 201 351 250; x_wconf 77' lang='lat'>424</span> <span class='ocrx_word' id='word_1_2' title='bbox 387 199 427 258; x_wconf 83' lang='lat'>§.</span> <span class='ocrx_word' id='word_1_3' title='bbox 448 201 525 250; x_wconf 81' lang='lat'>50.</span> <span class='ocrx_word' id='word_1_4' title='bbox 557 201 631 247; x_wconf 89' lang='lat' dir='ltr'>De</span> <span class='ocrx_word' id='word_1_5' title='bbox 647 196 845 247; x_wconf 83' lang='lat' dir='ltr'>Doridis</span> <span class='ocrx_word' id='word_1_6' title='bbox 868 213 1103 263; x_wconf 79' lang='lat' dir='ltr'><strong>generum</strong></span> <span class='ocrx_word' id='word_1_7' title='bbox 1125 205 1172 246; x_wconf 84' lang='lat' dir='ltr'>et</span> <span class='ocrx_word' id='word_1_8' title='bbox 1190 196 1466 262; x_wconf 83' lang='lat' dir='ltr'>specierum</span> <span class='ocrx_word' id='word_1_9' title='bbox 1492 196 1693 264; x_wconf 80' lang='lat' dir='ltr'><strong>origine.</strong></span> <span class='ocrx_word' id='word_1_10' title='bbox 1754 211 1763 234; x_wconf 67' lang='lat'>.÷</span> 
     </span>
    </p>
   </div>
   <div class='ocr_carea' id='block_1_2' title="bbox 233 333 1704 2771">
    <p class='ocr_par' dir='ltr' id='par_1_2' title="bbox 233 333 1704 2771">
     <span class='ocr_line' id='line_1_2' title="bbox 252 333 1699 393; baseline -0.001 -17"><span class='ocrx_word' id='word_1_11' title='bbox 252 334 436 376; x_wconf 88' lang='lat' dir='ltr'>mitioris</span> <span class='ocrx_word' id='word_1_12' title='bbox 479 333 600 376; x_wconf 81' lang='lat' dir='ltr'>nulla</span> <span class='ocrx_word' id='word_1_13' title='bbox 646 335 841 392; x_wconf 84' lang='lat' dir='ltr'>exempla</span> <span class='ocrx_word' id='word_1_14' title='bbox 885 341 1134 393; x_wconf 87' lang='lat' dir='ltr'>supersunt.</span> <span class='ocrx_word' id='word_1_15' title='bbox 1222 333 1520 376; x_wconf 77' lang='lat' dir='ltr'>Nihilominus</span> <span class='ocrx_word' id='word_1_16' title='bbox 1571 333 1699 375; x_wconf 87' lang='lat' dir='ltr'>certis</span> 
     </span>
     <span class='ocr_line' id='line_1_3' title="bbox 250 400 1701 460; baseline -0.001 -16"><span class='ocrx_word' id='word_1_17' title='bbox 250 402 514 458; x_wconf 74' lang='lat' dir='ltr'>argumentis</span> <span class='ocrx_word' id='word_1_18' title='bbox 562 401 846 444; x_wconf 83' lang='lat' dir='ltr'>demonstrari</span> <span class='ocrx_word' id='word_1_19' title='bbox 889 411 1063 460; x_wconf 89' lang='lat' dir='ltr'>potest,</span> <span class='ocrx_word' id='word_1_20' title='bbox 1114 401 1251 444; x_wconf 87' lang='lat' dir='ltr'>multo</span> <span class='ocrx_word' id='word_1_21' title='bbox 1295 409 1418 443; x_wconf 89' lang='lat' dir='ltr'>antea</span> <span class='ocrx_word' id='word_1_22' title='bbox 1460 400 1701 443; x_wconf 83' lang='lat' dir='ltr'>Dorienses</span> 
     </span>
     <span class='ocr_line' id='line_1_4' title="bbox 250 467 1702 528; baseline -0.001 -17"><span class='ocrx_word' id='word_1_23' title='bbox 250 471 364 511; x_wconf 86' lang='lat' dir='ltr'>inter</span> <span class='ocrx_word' id='word_1_24' title='bbox 396 469 588 512; x_wconf 86' lang='lat' dir='ltr'>severius</span> <span class='ocrx_word' id='word_1_25' title='bbox 620 477 661 511; x_wconf 86' lang='lat' dir='ltr'>et</span> <span class='ocrx_word' id='word_1_26' title='bbox 690 470 836 512; x_wconf 91' lang='lat' dir='ltr'>mitius</span> <span class='ocrx_word' id='word_1_27' title='bbox 869 487 1005 528; x_wconf 85' lang='lat' dir='ltr'>genus</span> <span class='ocrx_word' id='word_1_28' title='bbox 1030 470 1194 512; x_wconf 72' lang='lat' dir='ltr'>divisos</span> <span class='ocrx_word' id='word_1_29' title='bbox 1225 469 1377 512; x_wconf 86' lang='lat' dir='ltr'>fuisse.</span> <span class='ocrx_word' id='word_1_30' title='bbox 1437 468 1548 512; x_wconf 83' lang='lat' dir='ltr'>Nam</span> <span class='ocrx_word' id='word_1_31' title='bbox 1572 467 1702 511; x_wconf 83' lang='lat' dir='ltr'>sicuti</span> 
     </span>
     <span class='ocr_line' id='line_1_5' title="bbox 250 537 1702 595; baseline -0.002 -15"><span class='ocrx_word' id='word_1_32' title='bbox 250 544 585 580; x_wconf 86' lang='lat' dir='ltr'>consentaneum</span> <span class='ocrx_word' id='word_1_33' title='bbox 607 547 695 591; x_wconf 86' lang='lat' dir='ltr'>est,</span> <span class='ocrx_word' id='word_1_34' title='bbox 728 538 995 581; x_wconf 87' lang='lat' dir='ltr'>coloniarum</span> <span class='ocrx_word' id='word_1_35' title='bbox 1026 538 1205 580; x_wconf 87' lang='lat' dir='ltr'>eandem</span> <span class='ocrx_word' id='word_1_36' title='bbox 1237 538 1287 579; x_wconf 87' lang='lat' dir='ltr'>ab</span> <span class='ocrx_word' id='word_1_37' title='bbox 1313 537 1484 595; x_wconf 77' lang='lat' dir='ltr'>origine</span> <span class='ocrx_word' id='word_1_38' title='bbox 1507 537 1702 594; x_wconf 77' lang='lat' dir='ltr'>linguam</span> 
     </span>
     <span class='ocr_line' id='line_1_6' title="bbox 249 605 1703 664; baseline -0.001 -17"><span class='ocrx_word' id='word_1_39' title='bbox 249 606 385 648; x_wconf 84' lang='lat' dir='ltr'>fuisse</span> <span class='ocrx_word' id='word_1_40' title='bbox 416 615 543 664; x_wconf 87' lang='lat' dir='ltr'>atque</span> <span class='ocrx_word' id='word_1_41' title='bbox 571 607 900 664; x_wconf 75' lang='lat' dir='ltr'>metropolium,</span> <span class='ocrx_word' id='word_1_42' title='bbox 949 606 1008 648; x_wconf 87' lang='lat' dir='ltr'>ita</span> <span class='ocrx_word' id='word_1_43' title='bbox 1047 606 1120 648; x_wconf 68' lang='lat' dir='ltr'>vix</span> <span class='ocrx_word' id='word_1_44' title='bbox 1159 605 1252 648; x_wconf 84' lang='lat' dir='ltr'>fieri</span> <span class='ocrx_word' id='word_1_45' title='bbox 1291 613 1458 663; x_wconf 86' lang='lat' dir='ltr'>poterat</span> <span class='ocrx_word' id='word_1_46' title='bbox 1493 612 1542 646; x_wconf 92' lang='lat' dir='ltr'>ut</span> <span class='ocrx_word' id='word_1_47' title='bbox 1569 605 1703 661; x_wconf 87' lang='lat' dir='ltr'>longo</span> 
     </span>
     <span class='ocr_line' id='line_1_7' title="bbox 249 672 1703 732; baseline -0.001 -17"><span class='ocrx_word' id='word_1_48' title='bbox 249 674 478 716; x_wconf 82' lang='lat' dir='ltr'>intervallo</span> <span class='ocrx_word' id='word_1_49' title='bbox 509 674 740 729; x_wconf 86' lang='lat' dir='ltr'>dircmtae,</span> <span class='ocrx_word' id='word_1_50' title='bbox 774 675 958 717; x_wconf 83' lang='lat' dir='ltr'>diversis</span> <span class='ocrx_word' id='word_1_51' title='bbox 982 674 1224 716; x_wconf 78' lang='lat' dir='ltr'>vicinorum</span> <span class='ocrx_word' id='word_1_52' title='bbox 1257 672 1490 732; x_wconf 86' lang='lat' dir='ltr'>generibus</span> <span class='ocrx_word' id='word_1_53' title='bbox 1521 672 1703 714; x_wconf 89' lang='lat' dir='ltr'>circum-</span> 
     </span>
     <span class='ocr_line' id='line_1_8' title="bbox 250 740 1703 798; baseline -0.001 -15"><span class='ocrx_word' id='word_1_54' title='bbox 250 742 397 796; x_wconf 86' lang='lat' dir='ltr'>datae,</span> <span class='ocrx_word' id='word_1_55' title='bbox 437 742 510 785; x_wconf 79' lang='lat' dir='ltr'>vix</span> <span class='ocrx_word' id='word_1_56' title='bbox 542 743 631 784; x_wconf 92' lang='lat' dir='ltr'>ullo</span> <span class='ocrx_word' id='word_1_57' title='bbox 663 743 845 785; x_wconf 85' lang='lat' dir='ltr'>arctiore</span> <span class='ocrx_word' id='word_1_58' title='bbox 877 743 1053 785; x_wconf 70' lang='lat' dir='ltr'>vinculo</span> <span class='ocrx_word' id='word_1_59' title='bbox 1078 743 1258 797; x_wconf 85' lang='lat' dir='ltr'>junctae</span> <span class='ocrx_word' id='word_1_60' title='bbox 1288 750 1497 798; x_wconf 83' lang='lat' dir='ltr'>utraeque</span> <span class='ocrx_word' id='word_1_61' title='bbox 1527 740 1580 782; x_wconf 89' lang='lat' dir='ltr'>ad</span> <span class='ocrx_word' id='word_1_62' title='bbox 1611 755 1703 782; x_wconf 88' lang='lat' dir='ltr'>eas-</span> 
     </span>
     <span class='ocr_line' id='line_1_9' title="bbox 247 808 1704 867; baseline -0.001 -16"><span class='ocrx_word' id='word_1_63' title='bbox 247 809 344 852; x_wconf 86' lang='lat' dir='ltr'>dem</span> <span class='ocrx_word' id='word_1_64' title='bbox 389 810 564 852; x_wconf 81' lang='lat' dir='ltr'>dialecti</span> <span class='ocrx_word' id='word_1_65' title='bbox 608 811 869 852; x_wconf 87' lang='lat' dir='ltr'>mutationes</span> <span class='ocrx_word' id='word_1_66' title='bbox 916 810 1232 851; x_wconf 83' lang='lat' dir='ltr'>delaberentur.</span> <span class='ocrx_word' id='word_1_67' title='bbox 1306 809 1484 867; x_wconf 85' lang='lat' dir='ltr'>Itaque,</span> <span class='ocrx_word' id='word_1_68' title='bbox 1536 808 1574 850; x_wconf 91' lang='lat' dir='ltr'>si</span> <span class='ocrx_word' id='word_1_69' title='bbox 1617 823 1704 866; x_wconf 85' lang='lat' dir='ltr'>qua</span> 
     </span>
     <span class='ocr_line' id='line_1_10' title="bbox 246 875 1702 934; baseline -0.002 -14"><span class='ocrx_word' id='word_1_70' title='bbox 246 877 442 920; x_wconf 85' lang='lat' dir='ltr'>coloniae</span> <span class='ocrx_word' id='word_1_71' title='bbox 473 894 569 919; x_wconf 89' lang='lat' dir='ltr'>cum</span> <span class='ocrx_word' id='word_1_72' title='bbox 600 878 829 934; x_wconf 84' lang='lat' dir='ltr'>metropoli</span> <span class='ocrx_word' id='word_1_73' title='bbox 870 878 1112 919; x_wconf 86' lang='lat' dir='ltr'>communia</span> <span class='ocrx_word' id='word_1_74' title='bbox 1155 885 1283 931; x_wconf 81' lang='lat' dir='ltr'>sunt,</span> <span class='ocrx_word' id='word_1_75' title='bbox 1329 893 1378 919; x_wconf 84' lang='lat' dir='ltr'>ea</span> <span class='ocrx_word' id='word_1_76' title='bbox 1423 884 1568 918; x_wconf 88' lang='lat' dir='ltr'>nostro</span> <span class='ocrx_word' id='word_1_77' title='bbox 1600 875 1702 931; x_wconf 88' lang='lat' dir='ltr'>jure</span> 
     </span>
     <span class='ocr_line' id='line_1_11' title="bbox 245 944 1701 1004; baseline -0.003 -16"><span class='ocrx_word' id='word_1_78' title='bbox 245 962 269 988; x_wconf 90' lang='lat' dir='ltr'>a</span> <span class='ocrx_word' id='word_1_79' title='bbox 300 946 598 988; x_wconf 77' lang='lat' dir='ltr'>conditoribus</span> <span class='ocrx_word' id='word_1_80' title='bbox 644 945 764 988; x_wconf 89' lang='lat' dir='ltr'>illata</span> <span class='ocrx_word' id='word_1_81' title='bbox 803 945 1129 1000; x_wconf 70' lang='lat' dir='ltr'>existimamus,</span> <span class='ocrx_word' id='word_1_82' title='bbox 1174 945 1212 987; x_wconf 91' lang='lat' dir='ltr'>si</span> <span class='ocrx_word' id='word_1_83' title='bbox 1245 945 1404 1004; x_wconf 87' lang='lat' dir='ltr'>quibus</span> <span class='ocrx_word' id='word_1_84' title='bbox 1438 944 1701 1000; x_wconf 86' lang='lat' dir='ltr'>discrepant,</span> 
     </span>
     <span class='ocr_line' id='line_1_12' title="bbox 246 1013 1702 1072; baseline -0.001 -18"><span class='ocrx_word' id='word_1_85' title='bbox 246 1029 294 1055; x_wconf 88' lang='lat' dir='ltr'>ca</span> <span class='ocrx_word' id='word_1_86' title='bbox 325 1021 397 1054; x_wconf 85' lang='lat' dir='ltr'>aut</span> <span class='ocrx_word' id='word_1_87' title='bbox 427 1014 478 1054; x_wconf 85' lang='lat' dir='ltr'>ab</span> <span class='ocrx_word' id='word_1_88' title='bbox 509 1013 657 1056; x_wconf 84' lang='lat' dir='ltr'>alteris</span> <span class='ocrx_word' id='word_1_89' title='bbox 688 1021 761 1055; x_wconf 90' lang='lat' dir='ltr'>aut</span> <span class='ocrx_word' id='word_1_90' title='bbox 790 1014 842 1056; x_wconf 90' lang='lat' dir='ltr'>ab</span> <span class='ocrx_word' id='word_1_91' title='bbox 873 1014 1070 1072; x_wconf 86' lang='lat' dir='ltr'>utrisque</span> <span class='ocrx_word' id='word_1_92' title='bbox 1095 1021 1263 1056; x_wconf 85' lang='lat' dir='ltr'>novata.</span> <span class='ocrx_word' id='word_1_93' title='bbox 1309 1013 1406 1056; x_wconf 91' lang='lat' dir='ltr'>Jam</span> <span class='ocrx_word' id='word_1_94' title='bbox 1427 1028 1530 1055; x_wconf 84' lang='lat' dir='ltr'>vero</span> <span class='ocrx_word' id='word_1_95' title='bbox 1550 1025 1702 1054; x_wconf 84' lang='lat' dir='ltr'>omnes</span> 
     </span>
     <span class='ocr_line' id='line_1_13' title="bbox 245 1079 1702 1140; baseline -0.001 -18"><span class='ocrx_word' id='word_1_96' title='bbox 245 1081 469 1132; x_wconf 84' lang='lat' dir='ltr'>coloniae,</span> <span class='ocrx_word' id='word_1_97' title='bbox 513 1097 624 1140; x_wconf 90' lang='lat' dir='ltr'>quae</span> <span class='ocrx_word' id='word_1_98' title='bbox 654 1082 864 1125; x_wconf 88' lang='lat' dir='ltr'>historico</span> <span class='ocrx_word' id='word_1_99' title='bbox 894 1090 1086 1140; x_wconf 83' lang='lat' dir='ltr'>tempore</span> <span class='ocrx_word' id='word_1_100' title='bbox 1128 1082 1159 1122; x_wconf 86' lang='lat' dir='ltr'>i.</span> <span class='ocrx_word' id='word_1_101' title='bbox 1193 1097 1231 1123; x_wconf 90' lang='lat' dir='ltr'>e.</span> <span class='ocrx_word' id='word_1_102' title='bbox 1263 1089 1362 1139; x_wconf 87' lang='lat' dir='ltr'>post</span> <span class='ocrx_word' id='word_1_103' title='bbox 1393 1079 1702 1138; x_wconf 73' lang='lat' dir='ltr'>olympiadum</span> 
     </span>
     <span class='ocr_line' id='line_1_14' title="bbox 242 1148 1702 1206; baseline -0.001 -17"><span class='ocrx_word' id='word_1_104' title='bbox 242 1148 417 1190; x_wconf 89' lang='lat' dir='ltr'>initium</span> <span class='ocrx_word' id='word_1_105' title='bbox 447 1149 646 1192; x_wconf 87' lang='lat' dir='ltr'>conditae</span> <span class='ocrx_word' id='word_1_106' title='bbox 687 1159 813 1204; x_wconf 86' lang='lat' dir='ltr'>sunt,</span> <span class='ocrx_word' id='word_1_107' title='bbox 857 1150 903 1191; x_wconf 89' lang='lat' dir='ltr'>in</span> <span class='ocrx_word' id='word_1_108' title='bbox 934 1149 1116 1191; x_wconf 90' lang='lat' dir='ltr'>Doridis</span> <span class='ocrx_word' id='word_1_109' title='bbox 1149 1165 1306 1206; x_wconf 78' lang='lat' dir='ltr'>genere</span> <span class='ocrx_word' id='word_1_110' title='bbox 1337 1165 1435 1191; x_wconf 90' lang='lat' dir='ltr'>cum</span> <span class='ocrx_word' id='word_1_111' title='bbox 1467 1164 1544 1191; x_wconf 87' lang='lat' dir='ltr'>sua</span> <span class='ocrx_word' id='word_1_112' title='bbox 1574 1162 1702 1205; x_wconf 89' lang='lat' dir='ltr'>quae-</span> 
     </span>
     <span class='ocr_line' id='line_1_15' title="bbox 244 1214 1702 1275; baseline -0.001 -18"><span class='ocrx_word' id='word_1_113' title='bbox 244 1232 328 1274; x_wconf 86' lang='lat' dir='ltr'>que</span> <span class='ocrx_word' id='word_1_114' title='bbox 362 1217 592 1275; x_wconf 85' lang='lat' dir='ltr'>metropoli</span> <span class='ocrx_word' id='word_1_115' title='bbox 622 1218 875 1260; x_wconf 83' lang='lat' dir='ltr'>concinunt.</span> <span class='ocrx_word' id='word_1_116' title='bbox 945 1218 1100 1260; x_wconf 82' lang='lat' dir='ltr'>Mitius</span> <span class='ocrx_word' id='word_1_117' title='bbox 1129 1218 1314 1261; x_wconf 88' lang='lat' dir='ltr'>Doridis</span> <span class='ocrx_word' id='word_1_118' title='bbox 1344 1233 1483 1275; x_wconf 88' lang='lat' dir='ltr'>genus</span> <span class='ocrx_word' id='word_1_119' title='bbox 1511 1223 1559 1258; x_wconf 91' lang='lat' dir='ltr'>ut</span> <span class='ocrx_word' id='word_1_120' title='bbox 1587 1214 1702 1273; x_wconf 89' lang='lat' dir='ltr'>apud</span> 
     </span>
     <span class='ocr_line' id='line_1_16' title="bbox 242 1283 1702 1344; baseline 0 -19"><span class='ocrx_word' id='word_1_121' title='bbox 242 1283 525 1342; x_wconf 76' lang='lat' dir='ltr'>Megarenses</span> <span class='ocrx_word' id='word_1_122' title='bbox 557 1286 616 1328; x_wconf 85' lang='lat' dir='ltr'>ita</span> <span class='ocrx_word' id='word_1_123' title='bbox 647 1287 762 1344; x_wconf 82' lang='lat' dir='ltr'>apud</span> <span class='ocrx_word' id='word_1_124' title='bbox 792 1287 944 1329; x_wconf 89' lang='lat' dir='ltr'>horum</span> <span class='ocrx_word' id='word_1_125' title='bbox 977 1287 1154 1329; x_wconf 85' lang='lat' dir='ltr'>colonos</span> <span class='ocrx_word' id='word_1_126' title='bbox 1184 1286 1428 1344; x_wconf 88' lang='lat' dir='ltr'>reperitur,</span> <span class='ocrx_word' id='word_1_127' title='bbox 1467 1283 1702 1342; x_wconf 71' lang='lat' dir='ltr'>Byzantios</span> 
     </span>
     <span class='ocr_line' id='line_1_17' title="bbox 242 1352 1703 1412; baseline -0.001 -18"><span class='ocrx_word' id='word_1_128' title='bbox 242 1359 284 1394; x_wconf 83' lang='lat' dir='ltr'>et</span> <span class='ocrx_word' id='word_1_129' title='bbox 317 1353 664 1409; x_wconf 75' lang='lat' dir='ltr'>Chalcedonius,</span> <span class='ocrx_word' id='word_1_130' title='bbox 698 1371 777 1397; x_wconf 91' lang='lat' dir='ltr'>nce</span> <span class='ocrx_word' id='word_1_131' title='bbox 806 1355 952 1396; x_wconf 89' lang='lat' dir='ltr'>minus</span> <span class='ocrx_word' id='word_1_132' title='bbox 982 1354 1295 1409; x_wconf 85' lang='lat' dir='ltr'>Mesembriae,</span> <span class='ocrx_word' id='word_1_133' title='bbox 1339 1369 1448 1412; x_wconf 88' lang='lat' dir='ltr'>qnae</span> <span class='ocrx_word' id='word_1_134' title='bbox 1478 1353 1531 1394; x_wconf 87' lang='lat' dir='ltr'>ab</span> <span class='ocrx_word' id='word_1_135' title='bbox 1561 1352 1703 1395; x_wconf 88' lang='lat' dir='ltr'>homi-</span> 
     </span>
     <span class='ocr_line' id='line_1_18' title="bbox 244 1420 1701 1482; baseline 0 -21"><span class='ocrx_word' id='word_1_136' title='bbox 244 1420 376 1462; x_wconf 88' lang='lat' dir='ltr'>nibus</span> <span class='ocrx_word' id='word_1_137' title='bbox 406 1421 617 1478; x_wconf 56' lang='lat' dir='ltr'>Byzantio</span> <span class='ocrx_word' id='word_1_138' title='bbox 650 1431 692 1464; x_wconf 88' lang='lat' dir='ltr'>et</span> <span class='ocrx_word' id='word_1_139' title='bbox 725 1423 1002 1466; x_wconf 82' lang='lat' dir='ltr'>Chalcedone</span> <span class='ocrx_word' id='word_1_140' title='bbox 1032 1424 1230 1482; x_wconf 82' lang='lat' dir='ltr'>profugis</span> <span class='ocrx_word' id='word_1_141' title='bbox 1272 1421 1445 1464; x_wconf 88' lang='lat' dir='ltr'>condita</span> <span class='ocrx_word' id='word_1_142' title='bbox 1486 1429 1576 1476; x_wconf 62' lang='lat' dir='ltr'>est,</span> <span class='ocrx_word' id='word_1_143' title='bbox 1630 1420 1701 1461; x_wconf 91' lang='lat' dir='ltr'>de-</span> 
     </span>
     <span class='ocr_line' id='line_1_19' title="bbox 239 1488 1700 1550; baseline 0 -21"><span class='ocrx_word' id='word_1_144' title='bbox 239 1488 370 1542; x_wconf 86' lang='lat' dir='ltr'>inde,</span> <span class='ocrx_word' id='word_1_145' title='bbox 403 1505 538 1547; x_wconf 87' lang='lat' dir='ltr'>quum</span> <span class='ocrx_word' id='word_1_146' title='bbox 570 1491 622 1532; x_wconf 91' lang='lat' dir='ltr'>de</span> <span class='ocrx_word' id='word_1_147' title='bbox 654 1492 850 1550; x_wconf 85' lang='lat' dir='ltr'>ipsorum</span> <span class='ocrx_word' id='word_1_148' title='bbox 872 1491 1198 1533; x_wconf 88' lang='lat' dir='ltr'>Corinthiorum</span> <span class='ocrx_word' id='word_1_149' title='bbox 1228 1490 1380 1547; x_wconf 84' lang='lat' dir='ltr'>lingua</span> <span class='ocrx_word' id='word_1_150' title='bbox 1407 1505 1495 1532; x_wconf 90' lang='lat' dir='ltr'>non</span> <span class='ocrx_word' id='word_1_151' title='bbox 1517 1495 1700 1539; x_wconf 83' lang='lat' dir='ltr'>constet,</span> 
     </span>
     <span class='ocr_line' id='line_1_20' title="bbox 241 1555 1702 1621; baseline 0 -24"><span class='ocrx_word' id='word_1_152' title='bbox 241 1555 288 1597; x_wconf 88' lang='lat' dir='ltr'>in</span> <span class='ocrx_word' id='word_1_153' title='bbox 320 1558 522 1599; x_wconf 89' lang='lat' dir='ltr'>omnibns</span> <span class='ocrx_word' id='word_1_154' title='bbox 555 1559 756 1601; x_wconf 85' lang='lat' dir='ltr'>Corinthi</span> <span class='ocrx_word' id='word_1_155' title='bbox 787 1559 999 1609; x_wconf 88' lang='lat' dir='ltr'>coloniis,</span> <span class='ocrx_word' id='word_1_156' title='bbox 1043 1557 1616 1621; x_wconf 54' lang='lat' dir='ltr'>Coi-e)·rae,&#39;Aml)1·aciae,</span> <span class='ocrx_word' id='word_1_157' title='bbox 1655 1555 1702 1596; x_wconf 85' lang='lat' dir='ltr'>in</span> 
     </span>
     <span class='ocr_line' id='line_1_21' title="bbox 240 1624 1700 1684; baseline 0 -19"><span class='ocrx_word' id='word_1_158' title='bbox 240 1625 514 1679; x_wconf 83' lang='lat' dir='ltr'>Acarnania,</span> <span class='ocrx_word' id='word_1_159' title='bbox 547 1643 657 1684; x_wconf 87' lang='lat' dir='ltr'>qnae</span> <span class='ocrx_word' id='word_1_160' title='bbox 691 1627 935 1670; x_wconf 85' lang='lat' dir='ltr'>Corinthiis</span> <span class='ocrx_word' id='word_1_161' title='bbox 965 1627 1152 1669; x_wconf 87' lang='lat' dir='ltr'>coloniis</span> <span class='ocrx_word' id='word_1_162' title='bbox 1183 1628 1339 1669; x_wconf 81' lang='lat' dir='ltr'>referta</span> <span class='ocrx_word' id='word_1_163' title='bbox 1369 1634 1482 1680; x_wconf 86' lang='lat' dir='ltr'>erat,</span> <span class='ocrx_word' id='word_1_164' title='bbox 1517 1624 1700 1682; x_wconf 69' lang='lat' dir='ltr'>Syracu-</span> 
     </span>
     <span class='ocr_line' id='line_1_22' title="bbox 242 1692 1700 1752; baseline -0.001 -18"><span class='ocrx_word' id='word_1_165' title='bbox 242 1692 304 1734; x_wconf 87' lang='lat' dir='ltr'>sis</span> <span class='ocrx_word' id='word_1_166' title='bbox 336 1700 378 1734; x_wconf 91' lang='lat' dir='ltr'>et</span> <span class='ocrx_word' id='word_1_167' title='bbox 408 1694 454 1735; x_wconf 91' lang='lat' dir='ltr'>in</span> <span class='ocrx_word' id='word_1_168' title='bbox 487 1693 859 1752; x_wconf 61' lang='lat' dir='ltr'>Syracusanorum</span> <span class='ocrx_word' id='word_1_169' title='bbox 891 1695 1102 1745; x_wconf 85' lang='lat' dir='ltr'>coloniis,</span> <span class='ocrx_word' id='word_1_170' title='bbox 1134 1695 1255 1737; x_wconf 87' lang='lat' dir='ltr'>Issae</span> <span class='ocrx_word' id='word_1_171' title='bbox 1287 1703 1329 1737; x_wconf 89' lang='lat' dir='ltr'>et</span> <span class='ocrx_word' id='word_1_172' title='bbox 1352 1694 1506 1746; x_wconf 83' lang='lat' dir='ltr'>Aeris,</span> <span class='ocrx_word' id='word_1_173' title='bbox 1539 1693 1700 1751; x_wconf 86' lang='lat' dir='ltr'>quibus</span> 
     </span>
     <span class='ocr_line' id='line_1_23' title="bbox 240 1760 1698 1821; baseline -0.001 -19"><span class='ocrx_word' id='word_1_174' title='bbox 240 1762 498 1819; x_wconf 87' lang='lat' dir='ltr'>comparatis</span> <span class='ocrx_word' id='word_1_175' title='bbox 539 1763 593 1804; x_wconf 92' lang='lat' dir='ltr'>de</span> <span class='ocrx_word' id='word_1_176' title='bbox 622 1765 874 1821; x_wconf 80' lang='lat' dir='ltr'>metropolis</span> <span class='ocrx_word' id='word_1_177' title='bbox 903 1764 1074 1805; x_wconf 86' lang='lat' dir='ltr'>mitiore</span> <span class='ocrx_word' id='word_1_178' title='bbox 1106 1762 1273 1805; x_wconf 89' lang='lat' dir='ltr'>Doride</span> <span class='ocrx_word' id='word_1_179' title='bbox 1304 1761 1492 1804; x_wconf 85' lang='lat' dir='ltr'>dubitari</span> <span class='ocrx_word' id='word_1_180' title='bbox 1521 1760 1698 1817; x_wconf 71' lang='lat' dir='ltr'>nequit,</span> 
     </span>
     <span class='ocr_line' id='line_1_24' title="bbox 239 1829 1698 1886; baseline -0.001 -17"><span class='ocrx_word' id='word_1_181' title='bbox 239 1837 459 1886; x_wconf 80' lang='lat' dir='ltr'>postremo</span> <span class='ocrx_word' id='word_1_182' title='bbox 491 1838 533 1872; x_wconf 90' lang='lat' dir='ltr'>et</span> <span class='ocrx_word' id='word_1_183' title='bbox 556 1831 702 1873; x_wconf 85' lang='lat' dir='ltr'>Rhodi</span> <span class='ocrx_word' id='word_1_184' title='bbox 733 1839 775 1873; x_wconf 91' lang='lat' dir='ltr'>et</span> <span class='ocrx_word' id='word_1_185' title='bbox 806 1832 850 1872; x_wconf 92' lang='lat' dir='ltr'>in</span> <span class='ocrx_word' id='word_1_186' title='bbox 873 1831 1146 1873; x_wconf 87' lang='lat' dir='ltr'>Rhodiorum</span> <span class='ocrx_word' id='word_1_187' title='bbox 1176 1832 1345 1873; x_wconf 86' lang='lat' dir='ltr'>colonia</span> <span class='ocrx_word' id='word_1_188' title='bbox 1370 1830 1478 1872; x_wconf 89' lang='lat' dir='ltr'>Gela</span> <span class='ocrx_word' id='word_1_189' title='bbox 1509 1835 1551 1870; x_wconf 85' lang='lat' dir='ltr'>et</span> <span class='ocrx_word' id='word_1_190' title='bbox 1567 1829 1698 1886; x_wconf 82' lang='lat' dir='ltr'>Agri-</span> 
     </span>
     <span class='ocr_line' id='line_1_25' title="bbox 239 1895 1700 1956; baseline 0 -20"><span class='ocrx_word' id='word_1_191' title='bbox 239 1897 386 1951; x_wconf 81' lang='lat' dir='ltr'>genti,</span> <span class='ocrx_word' id='word_1_192' title='bbox 429 1898 547 1956; x_wconf 90' lang='lat' dir='ltr'>quod</span> <span class='ocrx_word' id='word_1_193' title='bbox 576 1914 598 1939; x_wconf 88' lang='lat' dir='ltr'>a</span> <span class='ocrx_word' id='word_1_194' title='bbox 633 1899 896 1941; x_wconf 84' lang='lat' dir='ltr'>Gelensibus</span> <span class='ocrx_word' id='word_1_195' title='bbox 928 1899 1148 1941; x_wconf 87' lang='lat' dir='ltr'>conditum</span> <span class='ocrx_word' id='word_1_196' title='bbox 1180 1906 1258 1940; x_wconf 87' lang='lat' dir='ltr'>est.</span> <span class='ocrx_word' id='word_1_197' title='bbox 1323 1897 1483 1938; x_wconf 88' lang='lat' dir='ltr'>Contra</span> <span class='ocrx_word' id='word_1_198' title='bbox 1511 1895 1700 1938; x_wconf 76' lang='lat' dir='ltr'>severior</span> 
     </span>
     <span class='ocr_line' id='line_1_26' title="bbox 238 1963 1699 2025; baseline 0 -21"><span class='ocrx_word' id='word_1_199' title='bbox 238 1963 373 2005; x_wconf 83' lang='lat' dir='ltr'>Doris</span> <span class='ocrx_word' id='word_1_200' title='bbox 419 1981 506 2007; x_wconf 91' lang='lat' dir='ltr'>non</span> <span class='ocrx_word' id='word_1_201' title='bbox 550 1966 696 2007; x_wconf 88' lang='lat' dir='ltr'>minus</span> <span class='ocrx_word' id='word_1_202' title='bbox 740 1983 868 2025; x_wconf 84' lang='lat' dir='ltr'>quam</span> <span class='ocrx_word' id='word_1_203' title='bbox 913 1967 1026 2023; x_wconf 81' lang='lat' dir='ltr'>apud</span> <span class='ocrx_word' id='word_1_204' title='bbox 1070 1968 1267 2008; x_wconf 81' lang='lat' dir='ltr'>Lacones</span> <span class='ocrx_word' id='word_1_205' title='bbox 1315 1964 1521 2018; x_wconf 77' lang='lat' dir='ltr'>Tarenti,</span> <span class='ocrx_word' id='word_1_206' title='bbox 1583 1963 1699 2021; x_wconf 88' lang='lat' dir='ltr'>qnod</span> 
     </span>
     <span class='ocr_line' id='line_1_27' title="bbox 239 2030 1697 2090; baseline 0.001 -19"><span class='ocrx_word' id='word_1_207' title='bbox 239 2030 439 2088; x_wconf 83' lang='lat' dir='ltr'>Spartani</span> <span class='ocrx_word' id='word_1_208' title='bbox 471 2049 548 2090; x_wconf 89' lang='lat' dir='ltr'>per</span> <span class='ocrx_word' id='word_1_209' title='bbox 580 2034 836 2075; x_wconf 86' lang='lat' dir='ltr'>Parthenias</span> <span class='ocrx_word' id='word_1_210' title='bbox 876 2034 1190 2086; x_wconf 85' lang='lat' dir='ltr'>condiderunt,</span> <span class='ocrx_word' id='word_1_211' title='bbox 1238 2039 1279 2073; x_wconf 89' lang='lat' dir='ltr'>et</span> <span class='ocrx_word' id='word_1_212' title='bbox 1309 2031 1547 2073; x_wconf 85' lang='lat' dir='ltr'>Heracleae</span> <span class='ocrx_word' id='word_1_213' title='bbox 1577 2046 1697 2089; x_wconf 86' lang='lat' dir='ltr'>repe-</span> 
     </span>
     <span class='ocr_line' id='line_1_28' title="bbox 238 2099 1696 2158; baseline -0.001 -18"><span class='ocrx_word' id='word_1_214' title='bbox 238 2099 372 2150; x_wconf 82' lang='lat' dir='ltr'>ritur,</span> <span class='ocrx_word' id='word_1_215' title='bbox 406 2117 515 2158; x_wconf 83' lang='lat' dir='ltr'>quae</span> <span class='ocrx_word' id='word_1_216' title='bbox 548 2109 612 2142; x_wconf 88' lang='lat' dir='ltr'>est</span> <span class='ocrx_word' id='word_1_217' title='bbox 632 2101 970 2144; x_wconf 87' lang='lat' dir='ltr'>Tarentinorum</span> <span class='ocrx_word' id='word_1_218' title='bbox 1003 2101 1189 2143; x_wconf 86' lang='lat' dir='ltr'>colonia.</span> <span class='ocrx_word' id='word_1_219' title='bbox 1253 2099 1348 2142; x_wconf 83' lang='lat' dir='ltr'>Soli</span> <span class='ocrx_word' id='word_1_220' title='bbox 1381 2099 1594 2156; x_wconf 62' lang='lat' dir='ltr'>Cyrenaei</span> <span class='ocrx_word' id='word_1_221' title='bbox 1625 2115 1696 2140; x_wconf 80' lang='lat' dir='ltr'>ex·</span> 
     </span>
     <span class='ocr_line' id='line_1_29' title="bbox 237 2166 1697 2227; baseline -0.001 -19"><span class='ocrx_word' id='word_1_222' title='bbox 237 2168 351 2224; x_wconf 86' lang='lat' dir='ltr'>cepti</span> <span class='ocrx_word' id='word_1_223' title='bbox 374 2177 491 2222; x_wconf 85' lang='lat' dir='ltr'>sunt,</span> <span class='ocrx_word' id='word_1_224' title='bbox 524 2185 657 2227; x_wconf 85' lang='lat' dir='ltr'>quum</span> <span class='ocrx_word' id='word_1_225' title='bbox 679 2170 849 2211; x_wconf 87' lang='lat' dir='ltr'>Therae</span> <span class='ocrx_word' id='word_1_226' title='bbox 872 2169 1122 2226; x_wconf 81' lang='lat' dir='ltr'>metropolis</span> <span class='ocrx_word' id='word_1_227' title='bbox 1150 2168 1457 2225; x_wconf 84' lang='lat' dir='ltr'>inscriptiones</span> <span class='ocrx_word' id='word_1_228' title='bbox 1483 2166 1697 2208; x_wconf 86' lang='lat' dir='ltr'>mitiorem</span> 
     </span>
     <span class='ocr_line' id='line_1_30' title="bbox 236 2234 1696 2294; baseline -0.001 -18"><span class='ocrx_word' id='word_1_229' title='bbox 236 2234 448 2279; x_wconf 87' lang='lat' dir='ltr'>Doridem</span> <span class='ocrx_word' id='word_1_230' title='bbox 480 2238 734 2292; x_wconf 80' lang='lat' dir='ltr'>exhibeant,</span> <span class='ocrx_word' id='word_1_231' title='bbox 779 2237 1043 2294; x_wconf 66' lang='lat' dir='ltr'>Cyrenaicae</span> <span class='ocrx_word' id='word_1_232' title='bbox 1076 2237 1350 2278; x_wconf 73' lang='lat' dir='ltr'>severim-em.</span> <span class='ocrx_word' id='word_1_233' title='bbox 1428 2234 1558 2288; x_wconf 81' lang='lat' dir='ltr'>Quod</span> <span class='ocrx_word' id='word_1_234' title='bbox 1591 2249 1696 2291; x_wconf 86' lang='lat' dir='ltr'>quo-</span> 
     </span>
     <span class='ocr_line' id='line_1_31' title="bbox 235 2301 1696 2362; baseline -0.002 -17"><span class='ocrx_word' id='word_1_235' title='bbox 235 2304 364 2346; x_wconf 88' lang='lat' dir='ltr'>modo</span> <span class='ocrx_word' id='word_1_236' title='bbox 408 2306 568 2347; x_wconf 80' lang='lat' dir='ltr'>sactum</span> <span class='ocrx_word' id='word_1_237' title='bbox 613 2305 693 2354; x_wconf 81' lang='lat' dir='ltr'>sit,</span> <span class='ocrx_word' id='word_1_238' title='bbox 748 2306 1016 2362; x_wconf 65' lang='lat' dir='ltr'>Cyrenarum</span> <span class='ocrx_word' id='word_1_239' title='bbox 1065 2304 1243 2346; x_wconf 83' lang='lat' dir='ltr'>historia</span> <span class='ocrx_word' id='word_1_240' title='bbox 1286 2303 1437 2361; x_wconf 83' lang='lat' dir='ltr'>aperit.</span> <span class='ocrx_word' id='word_1_241' title='bbox 1515 2301 1696 2343; x_wconf 84' lang='lat' dir='ltr'>Constat</span> 
     </span>
     <span class='ocr_line' id='line_1_32' title="bbox 237 2370 1694 2429; baseline -0.001 -18"><span class='ocrx_word' id='word_1_242' title='bbox 237 2371 353 2413; x_wconf 89' lang='lat' dir='ltr'>enim</span> <span class='ocrx_word' id='word_1_243' title='bbox 394 2388 446 2413; x_wconf 80' lang='lat' dir='ltr'>ex</span> <span class='ocrx_word' id='word_1_244' title='bbox 486 2373 709 2415; x_wconf 86' lang='lat' dir='ltr'>Herodoto</span> <span class='ocrx_word' id='word_1_245' title='bbox 749 2374 831 2427; x_wconf 82' lang='lat' dir='ltr'>lv,</span> <span class='ocrx_word' id='word_1_246' title='bbox 871 2375 964 2415; x_wconf 72' lang='lat'>159.</span> <span class='ocrx_word' id='word_1_247' title='bbox 1001 2373 1105 2425; x_wconf 74' lang='lat'>161,</span> <span class='ocrx_word' id='word_1_248' title='bbox 1148 2388 1278 2429; x_wconf 86' lang='lat' dir='ltr'>quum</span> <span class='ocrx_word' id='word_1_249' title='bbox 1319 2371 1398 2413; x_wconf 87' lang='lat' dir='ltr'>sub</span> <span class='ocrx_word' id='word_1_250' title='bbox 1430 2370 1556 2411; x_wconf 90' lang='lat' dir='ltr'>tertio</span> <span class='ocrx_word' id='word_1_251' title='bbox 1590 2385 1694 2426; x_wconf 88' lang='lat' dir='ltr'>rege</span> 
     </span>
     <span class='ocr_line' id='line_1_33' title="bbox 235 2438 1694 2495; baseline -0.001 -16"><span class='ocrx_word' id='word_1_252' title='bbox 235 2438 362 2481; x_wconf 87' lang='lat' dir='ltr'>Batto</span> <span class='ocrx_word' id='word_1_253' title='bbox 384 2441 426 2481; x_wconf 90' lang='lat' dir='ltr'>ll</span> <span class='ocrx_word' id='word_1_254' title='bbox 457 2442 583 2483; x_wconf 88' lang='lat' dir='ltr'>multi</span> <span class='ocrx_word' id='word_1_255' title='bbox 614 2459 666 2483; x_wconf 84' lang='lat' dir='ltr'>ex</span> <span class='ocrx_word' id='word_1_256' title='bbox 698 2441 815 2484; x_wconf 90' lang='lat' dir='ltr'>omni</span> <span class='ocrx_word' id='word_1_257' title='bbox 839 2441 1019 2483; x_wconf 87' lang='lat' dir='ltr'>Graecia</span> <span class='ocrx_word' id='word_1_258' title='bbox 1038 2441 1182 2482; x_wconf 86' lang='lat' dir='ltr'>coloni</span> <span class='ocrx_word' id='word_1_259' title='bbox 1200 2439 1512 2488; x_wconf 84' lang='lat' dir='ltr'>accessissent,</span> <span class='ocrx_word' id='word_1_260' title='bbox 1546 2444 1694 2495; x_wconf 85' lang='lat' dir='ltr'>postea</span> 
     </span>
     <span class='ocr_line' id='line_1_34' title="bbox 236 2505 1691 2558; baseline -0.001 -10"><span class='ocrx_word' id='word_1_261' title='bbox 236 2522 259 2548; x_wconf 88' lang='lat' dir='ltr'>a</span> <span class='ocrx_word' id='word_1_262' title='bbox 281 2506 547 2550; x_wconf 89' lang='lat' dir='ltr'>Demonacte</span> <span class='ocrx_word' id='word_1_263' title='bbox 578 2526 726 2552; x_wconf 88' lang='lat' dir='ltr'>omnes</span> <span class='ocrx_word' id='word_1_264' title='bbox 757 2509 923 2551; x_wconf 89' lang='lat' dir='ltr'>incolas</span> <span class='ocrx_word' id='word_1_265' title='bbox 955 2509 1012 2550; x_wconf 88' lang='lat' dir='ltr'>ita</span> <span class='ocrx_word' id='word_1_266' title='bbox 1044 2509 1087 2550; x_wconf 92' lang='lat' dir='ltr'>in</span> <span class='ocrx_word' id='word_1_267' title='bbox 1120 2516 1207 2551; x_wconf 90' lang='lat' dir='ltr'>tres</span> <span class='ocrx_word' id='word_1_268' title='bbox 1229 2509 1367 2550; x_wconf 87' lang='lat' dir='ltr'>tribus</span> <span class='ocrx_word' id='word_1_269' title='bbox 1392 2505 1554 2548; x_wconf 81' lang='lat' dir='ltr'>divisos</span> <span class='ocrx_word' id='word_1_270' title='bbox 1579 2520 1691 2558; x_wconf 87' lang='lat' dir='ltr'>esse,</span> 
     </span>
     <span class='ocr_line' id='line_1_35' title="bbox 234 2575 1694 2634; baseline -0.002 -19"><span class='ocrx_word' id='word_1_271' title='bbox 234 2583 282 2615; x_wconf 89' lang='lat' dir='ltr'>ut</span> <span class='ocrx_word' id='word_1_272' title='bbox 313 2591 396 2617; x_wconf 89' lang='lat' dir='ltr'>nna</span> <span class='ocrx_word' id='word_1_273' title='bbox 427 2575 648 2620; x_wconf 86' lang='lat' dir='ltr'>Theracos</span> <span class='ocrx_word' id='word_1_274' title='bbox 679 2594 777 2619; x_wconf 89' lang='lat' dir='ltr'>cum</span> <span class='ocrx_word' id='word_1_275' title='bbox 810 2577 1019 2634; x_wconf 87' lang='lat' dir='ltr'>perioecis</span> <span class='ocrx_word' id='word_1_276' title='bbox 1052 2585 1244 2630; x_wconf 88' lang='lat' dir='ltr'>teneret,</span> <span class='ocrx_word' id='word_1_277' title='bbox 1277 2576 1359 2617; x_wconf 88' lang='lat' dir='ltr'>alia</span> <span class='ocrx_word' id='word_1_278' title='bbox 1391 2575 1622 2616; x_wconf 89' lang='lat' dir='ltr'>Cretenses</span> <span class='ocrx_word' id='word_1_279' title='bbox 1652 2580 1694 2613; x_wconf 86' lang='lat' dir='ltr'>et</span> 
     </span>
     <span class='ocr_line' id='line_1_36' title="bbox 233 2641 1690 2700; baseline -0.001 -18"><span class='ocrx_word' id='word_1_280' title='bbox 233 2641 608 2700; x_wconf 87' lang='lat' dir='ltr'>Peloponnesios,</span> <span class='ocrx_word' id='word_1_281' title='bbox 642 2645 766 2687; x_wconf 89' lang='lat' dir='ltr'>tertia</span> <span class='ocrx_word' id='word_1_282' title='bbox 799 2661 949 2687; x_wconf 87' lang='lat' dir='ltr'>omnes</span> <span class='ocrx_word' id='word_1_283' title='bbox 980 2644 1221 2687; x_wconf 81' lang='lat' dir='ltr'>insulanos.</span> <span class='ocrx_word' id='word_1_284' title='bbox 1282 2643 1374 2685; x_wconf 83' lang='lat' dir='ltr'>Nec</span> <span class='ocrx_word' id='word_1_285' title='bbox 1400 2641 1577 2683; x_wconf 86' lang='lat' dir='ltr'>dubium</span> <span class='ocrx_word' id='word_1_286' title='bbox 1607 2646 1690 2691; x_wconf 87' lang='lat' dir='ltr'>est,</span> 
     </span>
     <span class='ocr_line' id='line_1_37' title="bbox 236 2707 1688 2771; baseline 0.001 -25"><span class='ocrx_word' id='word_1_287' title='bbox 236 2709 342 2763; x_wconf 83' lang='lat' dir='ltr'>quin</span> <span class='ocrx_word' id='word_1_288' title='bbox 381 2710 596 2767; x_wconf 86' lang='lat' dir='ltr'>Theraei,</span> <span class='ocrx_word' id='word_1_289' title='bbox 644 2713 719 2771; x_wconf 85' lang='lat' dir='ltr'>qni</span> <span class='ocrx_word' id='word_1_290' title='bbox 759 2713 926 2755; x_wconf 89' lang='lat' dir='ltr'>tertiam</span> <span class='ocrx_word' id='word_1_291' title='bbox 967 2713 1233 2770; x_wconf 82' lang='lat' dir='ltr'>reipublicae</span> <span class='ocrx_word' id='word_1_292' title='bbox 1264 2720 1426 2769; x_wconf 83' lang='lat' dir='ltr'>partem</span> <span class='ocrx_word' id='word_1_293' title='bbox 1455 2707 1688 2759; x_wconf 85' lang='lat' dir='ltr'>habebant,</span> 
     </span>
    </p>
   </div>
  </div>
 </body>
</html>
