1779 3079
251 217 352 267 228
753 217 828 263 De
858 214 1188 263 declinatione.

252 352 379 396 2448.
412 351 472 405 V,
503 350 607 400 ἵλὲος
636 351 904 394 accusativus
935 351 1116 409 pluralis
1149 349 1267 391 Cret.
1286 348 1394 391 2555
1411 355 1539 400 extr.,
1571 362 1702 404 quan-

253 437 380 478 quam
409 419 480 461 hie
514 419 740 469 miramur,
774 420 890 478 quod
924 436 1011 460 non
1038 419 1151 467 ἱλάος
1181 417 1387 474 scriptum
1418 423 1508 468 est,
1539 414 1704 455 ἔκπλεω

255 488 429 530 Herael.
464 488 532 537 II,
566 488 646 539 32,
696 488 809 529 unde
849 487 1147 529 Timocreonti
1192 487 1244 527 fr.
1279 486 1300 527 ‘l
1345 484 1543 531 ἰπόπλεος
1580 481 1703 523 resti-

255 556 415 598 tuimus
448 571 524 613 pro
558 555 781 604 ὑπόπλεως.
859 556 944 597 Pro
975 556 1123 596 Attico
1154 558 1230 602 ἕως
1260 553 1470 595 Doricum
1502 559 1569 593 est
1601 549 1701 598 ἀώς,

255 624 370 681 quod
413 625 580 666 tertiam
629 623 960 665 declinationem
1015 622 1221 681 sequitur.
1313 619 1540 674 Quomodo
1589 619 1702 665 Κῶς,

255 692 440 734 Doricae
481 691 649 733 insulae
693 708 847 733 nomen
878 691 990 747 apud
1022 691 1139 748 ipsos
1171 689 1411 731 Dorienses
1443 688 1602 729 flexum
1633 685 1705 736 sit,

255 775 342 801 non
364 768 552 818 apparet.
613 759 766 816 Neque
797 767 935 799 tamen
969 758 1238 810 dubitamus,
1272 757 1377 815 quin
1410 763 1451 796 et
1481 756 1524 796 in
1556 756 1637 795 hoc
1667 760 1709 793 et

257 828 302 868 in
333 827 432 869 aliis
463 827 711 868 nominibus
734 825 945 883 propriis,
978 834 1023 866 ut
1046 826 1217 866 Cretico
1251 825 1417 872 Τάλως,
1452 823 1584 865 Doris
1611 837 1707 863 cum

256 894 434 936 Atthide
466 911 551 935 non
586 894 899 952 discrepuerit,
932 894 989 934 cf.
1022 893 1063 946 ξ.
1097 893 1176 945 30,
1208 893 1249 934 8.

909 1034 950 1088 ξ.
986 1034 1052 1077 30.

699 1138 776 1168 De
802 1137 1144 1169 declinatione
1168 1136 1269 1168 111.

354 1233 414 1289 ⁴1)
476 1235 525 1276 ln
568 1235 818 1276 universum
859 1251 1034 1276 casuum
1077 1234 1401 1276 terminationes
1433 1241 1610 1291 excepto
1643 1233 1711 1274 da-

255 1303 343 1344 tivo
374 1303 534 1360 plurali
565 1319 650 1344 non
685 1303 887 1343 differunt
918 1319 939 1343 a
963 1304 1233 1360 vulgaribus.
1295 1302 1598 1345 Nominativus
1626 1301 1712 1343 sin-

257 1371 423 1429 gularis
456 1371 499 1411 in
532 1370 679 1429 paucis
713 1370 972 1429 quibusdam
1005 1371 1217 1429 singulari
1253 1387 1330 1412 usu
1363 1389 1382 1418 ς
1412 1369 1618 1422 assumit,
1666 1376 1712 1409 ut

256 1438 419 1493 μάκαρς
456 1455 536 1496 pro
565 1438 705 1494 μάκαρ
738 1438 882 1480 Alcm.
915 1439 970 1482 64
1001 1438 1123 1494 (66),
1170 1456 1356 1497 quocum
1397 1438 1592 1480 conferas
1629 1442 1712 1477 Πε-

257 1509 401 1560 ριήρς,
433 1507 550 1564 quod
580 1523 713 1564 quum
745 1523 822 1564 pro
858 1507 1074 1560 Περιήρης
1104 1508 1217 1565 apud
1245 1508 1497 1548 Alcmanem
1530 1506 1623 1563 legi
1649 1521 1712 1546 re-

258 1576 366 1616 serat
405 1574 681 1616 Herodianus
723 1575 768 1616 in
811 1574 883 1615 Et.
923 1573 985 1615 Μ.
1028 1575 1136 1628 663,
1180 1575 1232 1617 55
1278 1577 1452 1625 (nomen
1493 1573 1713 1631 proprium

256 1658 353 1684 esse
393 1642 609 1684 intellexit
639 1641 1006 1684 Schneidewinus
1049 1642 1195 1699 Conjj.
1241 1644 1367 1685 Critt.
1413 1659 1456 1700 p.
1489 1641 1564 1696 9),
1625 1640 1716 1682 noli

257 1726 448 1768 syncope
480 1710 671 1751 inaudita
704 1719 849 1752 natum
881 1718 1056 1767 putare,
1091 1712 1166 1753 sed
1188 1711 1367 1752 eandem
1386 1709 1715 1767 compositionis

255 1778 462 1820 rationem
492 1794 706 1834 agnosce,
756 1795 865 1837 quae
905 1787 969 1820 est
1010 1779 1053 1819 in
1094 1779 1252 1837 plurali
1293 1780 1467 1833 ἐρίηρες.
1542 1776 1715 1818 Deinde.

256 1846 520 1887 nominativo
550 1847 644 1901 χέρς
678 1862 782 1888 usus
814 1853 878 1887 est
911 1846 1173 1889 Timocreon
1217 1848 1270 1887 l'r.
1305 1847 1358 1900 63
1403 1846 1536 1903 vulgo
1573 1853 1714 1885 tamen

256 1913 383 1955 ctiam
406 1914 646 1956 Dorienses
675 1917 762 1968 χείρ
795 1914 958 1955 dixisse
989 1914 1216 1967 videntur,
1250 1914 1363 1971 quod
1389 1921 1455 1955 cst
1476 1912 1587 1969 apud
1610 1911 1715 1969 Epi-

256 1982 474 2022 charmum
518 1982 573 2022 fr.
610 1982 706 2023 118.
784 1981 1032 2022 Accedente
1076 1982 1213 2037 sigma
1253 2000 1272 2021 ι’
1313 1981 1472 2022 excidit
1502 1980 1546 2021 in
1581 1980 1716 2033 ἅρσης

255 2063 334 2106 pro
380 2048 536 2101 ἅρσην,
590 2048 626 2089 si
656 2048 699 2089 id
731 2056 844 2089 reete
874 2048 1036 2104 legitur
1067 2050 1110 2089 in
1142 2049 1304 2090 recenti
1336 2048 1462 2089 titulo
1496 2047 1715 2089 Laconico
1764 2102 1767 2116 ι

258 2132 323 2157 nr.
360 2116 468 2157 ‘1454
498 2123 539 2156 et
570 2115 613 2155 in
645 2115 724 2166 μής
754 2116 823 2156 vel
853 2118 938 2165 μείς
970 2132 1046 2173 pro
1076 2115 1180 2168 μήν,
1224 2116 1311 2157 vid.
1345 2116 1387 2170 ξ.
1422 2117 1492 2158 31.
1534 2141 1586 2146 -
1646 2115 1716 2156 De

258 2183 430 2225 Cretico
472 2191 512 2224 et
543 2182 711 2240 Argivo
754 2183 890 2230 'tcstk'vg
931 2199 1008 2239 pro
1049 2186 1179 2231 τιθείς
1219 2184 1408 2225 diximus
1451 2189 1491 2235 Q.
1525 2184 1602 2237 14,
1664 2183 1716 2224 de

256 2253 405 2306 χαρίης
437 2259 478 2292 et
510 2250 728 2292 similibus
763 2250 805 2291 in
841 2250 1055 2292 severiore
1083 2251 1250 2293 Doride
1290 2252 1331 2305 Q.
1364 2254 1445 2305 20,
1493 2250 1545 2292 dc
1576 2265 1716 2292 corre-

257 2327 328 2377 pta
362 2319 510 2361 ultima
543 2318 586 2359 in
607 2320 739 2367 Αἴᾶς,
773 2320 914 2372 χαμιές
945 2334 1023 2376 pro
1053 2322 1236 2373 χαρίεις,
1277 2319 1417 2368 (Dexo,-
1446 2334 1524 2377 pro
1552 2321 1717 2366 Φυκοῦς
1764 2311 1765 2314 ¹

257 2390 298 2439 ς.
335 2388 404 2427 21.

370 2453 414 2509 2)
478 2454 773 2495 Genitivus
806 2454 1051 2510 pluralis
1082 2455 1271 2514 ubique,
1319 2465 1366 2497 ut
1395 2456 1552 2511 vulgo,
1586 2455 1630 2495 in
1662 2471 1716 2494 ων
1762 2473 1765 2483 ¹

260 2522 364 2563 exit.
437 2521 527 2563 Nec
567 2529 680 2564 recte
713 2521 972 2578 Epicharmo
1004 2523 1248 2564 hexameter
1276 2523 1508 2574 tribuitur,
1554 2522 1597 2562 in
1629 2536 1716 2579 quo
1762 2546 1766 2557 ι

260 2597 326 2630 cst
355 2589 595 2642 Σειρηνάων
627 2605 703 2646 pro
733 2589 943 2642 Σειρήνων
967 2592 1028 2641 1),
1079 2606 1219 2647 neque
1250 2591 1500 2648 incorrupta
1530 2605 1625 2632 csse
1654 2589 1715 2631 vi·

311 2746 340 2783 l)
390 2744 532 2778 Scholl.
566 2745 606 2777 Β.
640 2744 685 2779 V.
716 2742 760 2776 Il.
792 2755 828 2779 r,
860 2745 885 2775 l.
936 2741 1067 2783 ῥοιέων
1109 2743 1273 2780 Βοιώτιος
1312 2741 1328 2786 ἦ
1364 2740 1468 2784 φωνή.
1518 2745 1655 2775 ποιοῦσι
1680 2743 1714 2776 δι’
1760 2755 1763 2761 ’

261 2803 312 2832 καὶ
340 2800 412 2835 ἀπὸ
438 2805 503 2834 τῶν
529 2802 571 2837 εἰς
594 2803 641 2838 ἶς’
666 2801 862 2846 ἀςοινικών·
897 2798 1072 2845 Ἄρτεμι
1101 2803 1131 2832 Ix'
1147 2801 1322 2845 ρητάων
1347 2799 1507 2833 πότνια
1531 2799 1713 2839 τοξοφό-
