1779 3079
199 179 294 228 130
736 178 809 223 De
846 173 1106 224 vocalibus.

197 310 415 363 τέτμαμαι,
448 307 657 361 ἐτμάθην,
688 323 714 350 a
744 309 846 362 ὁαμ,
880 310 958 362 δμα
988 307 1174 362 ε’ὃμάθην
1203 308 1317 368 apud
1344 308 1580 352 Pindarum
1609 318 1652 352 et

198 379 400 436 tragicos.

282 446 328 498 d)
384 443 589 488 vocabula
626 444 794 499 omnia,
841 460 950 502 quae
990 460 1014 486 a
1051 442 1230 487 vocibus
1261 443 1440 502 primam
1468 443 1653 486 declina-

199 513 360 555 tionem
401 513 595 570 sequutis
635 520 706 554 aut
744 529 768 554 a
804 511 1012 570 stirpibus
1054 511 1298 554 verbalibus
1328 512 1374 553 in
1406 529 1431 553 α
1461 511 1655 554 exeunti-

200 581 281 622 bus
310 580 380 623 vel
409 579 638 623 derivando
668 579 737 623 vel
766 579 1062 638 componendo
1093 585 1184 621 orta
1213 585 1340 633 sunt,
1371 586 1419 621 ut
1447 578 1656 634 ΛἎαχάτας

200 649 363 690 Acarn.
397 649 506 692 1794
545 655 587 690 et
614 649 769 691 Amhr.
803 648 936 702 1796,
985 647 1172 698 ἀλκάεις,
1218 646 1446 701 ὀδυναρός,
1495 646 1660 701 σιγᾶλός

203 715 365 771 Pind.,
409 715 526 770 γάϊος
555 732 578 758 a
607 720 660 770 γῆ
689 715 843 774 Epieh.
874 716 929 758 23
969 731 1021 756 ex
1065 715 1360 757 emendatione
1398 721 1544 756 nostra
1582 714 1658 768 (cf.

203 785 246 838 ξ.
278 785 359 838 22,
389 785 463 838 4),
503 784 677 838 γαγενής
707 784 776 826 Et.
808 782 869 824 Μ.
903 783 1012 836 229,
1044 783 1094 825 31
1127 799 1180 825 cx
1210 782 1486 837 Herodiano,
1531 781 1661 840 Syra·

203 867 460 894 cusanorum
498 851 676 906 γάμοροι,
704 849 867 892 Herod.
900 849 1014 904 VII,
1049 850 1129 893 155
1168 850 1200 891 i.
1232 866 1270 893 c.
1314 849 1519 905 γήμοροι,
1563 849 1661 904 γεώ-

202 936 325 973 μοροι
368 917 473 974 (vid.
516 921 557 973 ξ.
589 920 668 973 24,
702 919 801 972 17),
847 917 1077 972 νικαφόρος
1116 917 1246 959 Pind.
1271 949 1284 972 ,
1338 918 1507 971 βοαθέω
1539 917 1659 960 Cret.

203 988 329 1030 2554.
371 986 482 1029 2556
525 1002 549 1027 a
586 985 664 1039 βοή
711 993 792 1028 etc.
869 984 1042 1026 Deinde
1082 988 1195 1039 βᾶμα
1237 986 1306 1028 Et.
1347 984 1411 1028 M.
1453 985 1561 1039 196,
1590 985 1662 1039 36,

207 1054 480 1107 ἅμφισβατεῖν
519 1054 664 1096 Rhod.
704 1052 842 1107 2905,
890 1051 1016 1093 στάλα
1055 1052 1258 1106 Heracl.,
1308 1051 1447 1106 μνάμα
1486 1052 1662 1110 Epich.,

205 1121 459 1175 ἱερομνάμωυ
487 1122 650 1180 Amph.
684 1121 821 1175 1688,
871 1119 1023 1168 πτανός
1063 1127 1105 1162 et
1132 1120 1292 1163 inserta
1321 1120 1460 1164 vocali
1488 1118 1666 1169 πυτανός

206 1188 336 1230 Pind.
370 1197 413 1231 et
430 1189 623 1246 Tragg.,
652 1190 804 1242 τίμαμα
833 1188 1007 1231 Heracl.
1025 1219 1038 1242 ,
1068 1188 1251 1240 θνατός,
1278 1189 1493 1243 ”Αὸματος
1513 1187 1664 1241 Pind.,

206 1259 341 1311 τμᾶμα
370 1256 623 1299 Archimed.

291 1327 333 1375 e)
392 1324 655 1383 composita,
701 1340 884 1383 quorum
925 1326 1056 1368 altera
1094 1341 1194 1383 pars
1235 1343 1290 1380 α,
1336 1325 1451 1367 unde
1496 1322 1666 1382 incipit,

208 1392 340 1450 vulgo
371 1392 417 1434 in
447 1411 472 1443 η
505 1391 729 1451 producit,
761 1394 1037 1450 grammatico
1069 1394 1252 1452 quodam
1282 1393 1392 1435 bene
1413 1393 1592 1435 docente
1614 1394 1666 1443 ⁵),

210 1460 286 1518 qui
315 1460 511 1519 exempla
540 1460 661 1502 affert
693 1460 919 1515 στραταγός
949 1460 1001 1503 ah
1033 1461 1143 1516 ἄγω,
1185 1461 1381 1515 ἁνάνεμος
1412 1477 1490 1519 pro
1522 1459 1670 1511 ἀνήνε-

210 1545 286 1581 μος
315 1527 367 1569 ab
400 1527 570 1582 ἄνεμος,
617 1527 843 1578 ἇνάκεστος
868 1529 920 1571 ab
952 1529 1150 1583 ἇκεόμαι,
1193 1529 1389 1578 νάποινυς
1419 1530 1470 1571 ab
1503 1529 1667 1579 ἄποινα,

210 1595 369 1653 quihus
407 1595 541 1637 multa
582 1595 679 1638 addi
718 1604 925 1655 possunt,
970 1603 1019 1638 ut
1058 1597 1215 1653 εὐάνωρ
1254 1597 1415 1652 Pind.,
1467 1595 1669 1652 Νικάνωρ

210 1663 298 1705 vid.
330 1663 481 1721 Apoll.
514 1662 566 1704 de
598 1663 692 1707 adv.
726 1681 769 1723 p.
803 1665 912 1719 546,
944 1664 998 1708 17
1027 1672 1107 1708 etc.
1264 1718 1285 1723 ,Δ

295 1731 341 1782 f)
399 1738 615 1788 postremo
647 1748 929 1790 quaecunque
959 1733 1121 1775 formae
1151 1732 1345 1776 verbales
1376 1739 1419 1775 et
1445 1747 1573 1775 voces
1600 1731 1671 1773 de-

213 1797 371 1839 rivatae
402 1798 455 1839 ad
485 1798 640 1856 stirpes
658 1831 670 1853 ,
715 1800 760 1842 in
791 1800 949 1858 quihus
981 1818 1006 1841 α
1036 1808 1121 1851 est,
1165 1800 1357 1843 revocari
1385 1806 1593 1858 possunt,
1625 1805 1672 1839 ut

213 1865 420 1917 λάθομαι,
469 1864 581 1907 λάθα
623 1867 679 1908 cf.
723 1867 897 1918 ἔλαθον,
958 1867 1070 1924 λάψῃ
1112 1869 1267 1926 Epich.
1311 1868 1364 1911 18
1404 1868 1460 1910 cf.
1507 1866 1668 1920 ἔλαβον,

214 1931 343 1980 ἔπᾶξα
373 1931 547 1974 Heracl.
577 1933 634 1975 cf.
669 1933 842 1988 ἐπάγην,
876 1937 961 1976 ἴᾶλε
993 1935 1151 1993 Sophr.
1185 1936 1237 1977 ab
1268 1935 1416 1985 ι’άλλω,
1460 1933 1672 1989 κεχάναντι

215 1998 374 2056 Sophr.
409 2000 465 2040 cf.
486 1999 654 2055 ἔχανονε,
688 2001 854 2056 ἅδομαι,
890 2002 1032 2052 ἁδονά,
1067 1999 1183 2055 ἆὸος,
1217 2002 1317 2051 ἁδύς
1347 2002 1451 2054 (vid.
1476 2002 1667 2059 Hcsych.

213 2072 255 2107 et
286 2080 414 2123 supra
445 2065 486 2118 ξ.
510 2067 562 2120 5,
595 2068 668 2122 8),
700 2069 756 2110 cs.
792 2070 929 2124 ἁδεῖν,
963 2071 1155 2123 ἆγεῖσθαι
1185 2069 1235 2111 ab
1268 2070 1378 2124 ἄγω,
1414 2068 1672 2124 Προμαθεύς

214 2133 366 2191 Epich.
407 2134 463 2175 cf.
506 2132 687 2187 ἔμαθον,
733 2139 864 2188 μᾶκος
904 2137 1078 2180 Heracl.
1119 2138 1315 2180 Eustath.
1363 2139 1471 2192 599,
1515 2138 1566 2181 21
1611 2137 1668 2179 cf.

212 2200 398 2254 μακρός,
432 2200 583 2256 τραχύς
615 2203 671 2244 cf.
695 2204 918 2256 ταράσσω,
952 2205 1165 2261 θράσσω,
1198 2204 1377 2247 ἀλλάλων
1407 2222 1429 2248 c
1456 2205 1672 2263 geminato

216 2269 335 2317 ἄλλος
365 2275 506 2310 ortum
535 2276 614 2311 etc.

261 2412 297 2452 5)
346 2411 441 2446 Ann.
466 2413 565 2446 Oxx.
600 2413 635 2455 Ι,
662 2416 728 2455 60,
757 2415 810 2448 20.
858 2413 937 2447 ὅσαι.
973 2416 1007 2447 δὲ
1046 2418 1208 2449 τοιαῦται
1244 2416 1394 2458 γίνονται
1417 2417 1546 2459 τροπαὶ
1572 2414 1672 2462 παρὰ

216 2468 354 2512 (suppl.
382 2468 420 2501 τὸ
447 2469 471 2501 ἆ
497 2469 599 2509 κατὰ)
631 2469 695 2515 τήν
713 2473 861 2517 Δωρίδος
888 2471 1082 2512 διάλεκτον,
1129 2473 1242 2520 τροπὴ
1279 2475 1406 2516 γίνεται
1437 2476 1500 2507 τοῦ
1535 2479 1556 2518 ἢ
1581 2472 1625 2511 εἷς
1648 2475 1674 2506 οἶ

215 2525 363 2571 μακρόν·
401 2522 471 2559 οἷον
495 2528 681 2571 στρατηγός
715 2529 932 2574 (στραταγός)
949 2542 955 2549 ·
998 2529 1168 2571 &voh-‘5102'
1193 2535 1303 2571 κῦμα·
1343 2529 1522 2574 ἀνήκεστος
1545 2529 1672 2564 ἀνάκε-

216 2592 309 2619 στος·
348 2582 507 2627 νήποννος
529 2583 698 2623 νάποιιης.
751 2585 808 2619 ἐὰν
833 2588 866 2619 di:
892 2581 950 2620 ὦσι
976 2588 1009 2620 ἐκ
1034 2592 1096 2621 τοῦ
1119 2596 1159 2631 ῖ,
1186 2588 1246 2622 οὐκ
1273 2590 1340 2621 ἔτι·
1372 2590 1491 2625 ἔλατος
1515 2587 1672 2632 ἱππήλα-

215 2650 289 2675 τος·
311 2638 486 2680 Ἀλκμάν·
515 2643 653 2675 λεπτὰ
679 2642 712 2677 δ’
739 2643 965 2690 ἀταρπός,
991 2645 1158 2691 ἀνηλὴς
1183 2646 1214 2681 δ’
1242 2645 1429 2689 ἀνάγκη·
1459 2646 1493 2678 ἐκ
1517 2645 1584 2691 γὰρ
1609 2647 1672 2679 τοῦ

217 2696 344 2740 ἐλεινή·
385 2696 538 2743 ἠρχόμην
561 2694 621 2734 οὖν
645 2702 759 2746 ἐροῐσι
785 2704 924 2749 Δωριεῖς
951 2703 1045 2741 (cod.
1072 2706 1200 2752 δῶρα),
1226 2705 1297 2738 ἐπεὶ
1322 2701 1394 2736 ἀπὸ
1418 2705 1481 2736 τοῦ
1506 2704 1668 2750 ἔρχομαΓ

217 2752 289 2786 ἀπὸ
317 2756 349 2787 δὲ
376 2759 439 2789 τοῦ
462 2755 615 2802 ἄρχομαι
639 2757 806 2803 ἀρχόμαν,

1772 2693 1779 2718 Q

1772 2723 1779 2746 I*

1772 2752 1779 2774 Υ

1772 2787 1779 2814 *4
