1779 3079
189 200 284 249 178
484 188 485 195 ¹
725 202 798 247 De
834 200 1086 247 vocalibus.

187 338 290 380 satis
322 336 706 380 demonstravimus
744 336 798 378 L.
823 336 839 377 Ι
878 336 918 389 ξ.
955 337 1034 390 10,
1075 336 1129 377 L.
1154 336 1195 377 il
1225 335 1267 390 ξ.
1293 337 1345 379 14
1364 366 1376 390 ,
1418 335 1528 389 ὤρᾶς
1556 351 1634 395 pro

188 406 298 459 ὤρᾶς
331 412 475 446 natum
516 412 582 445 est
619 421 670 446 ex
709 404 1012 462 antiquissimo
1048 404 1211 458 ὤρανς,
1258 402 1359 451 θεός
1396 419 1473 461 pro
1507 403 1634 452 θεούς

186 473 254 514 vel
292 472 403 519 θεώς
441 487 463 512 e
501 471 644 520 θεόιις,
697 471 854 524 πράξᾶς
895 489 917 514 e
959 473 1164 527 πράξανς,
1209 472 1349 526 χαριές
1389 486 1412 512 e
1453 472 1631 526 χαρίενς,

186 540 442 597 quibuscum
472 555 667 598 compara
699 540 824 581 etiam
856 541 897 589 ἐς·
926 557 1003 597 pro
1033 541 1122 590 ἕνς,
1157 542 1240 593 εἰς,
1272 538 1428 581 deinde
1458 539 1564 592 λέγειν
1593 545 1636 580 et

185 607 304 659 βαλέν
333 623 355 648 e
386 612 593 661 λεγεμναι,
624 612 817 659 βαλεμναι
848 607 934 648 vid.
972 607 1023 648 L.
1051 607 1070 648 Ι
1101 607 1142 660 ξ.
1176 608 1243 649 14.
1304 606 1456 664 Neque
1489 606 1635 648 adver-

187 683 328 728 satur,
376 675 491 732 quod
533 675 576 715 in
618 675 708 728 ὥρα
751 682 793 715 et
832 674 1050 716 similibus
1093 692 1117 715 α
1156 682 1302 716 natura
1333 675 1513 732 longum
1543 681 1634 729 est3

187 759 283 784 nam
314 743 356 783 in
401 742 701 800 antiquissima
742 744 875 783 forma
907 743 1042 795 ὤρανς
1072 742 1179 783 duae
1209 758 1423 784 consonae
1454 757 1636 799 sequen-

185 818 249 852 tes
280 811 475 852 effecisse
505 809 727 857 videntur,
776 816 820 849 nt
861 809 1022 850 vocalis
1061 810 1371 867 corriperetur,
1417 809 1544 851 sicuti
1583 824 1635 851 ex

186 878 351 932 ἔγνωντ,
385 878 556 931 ἔδάμηντ
587 878 696 918 facta
728 884 829 917 sunt
858 876 1014 928 ἔγνυιντ,
1048 876 1240 930 ἑδάμεντ,
1280 884 1495 934 postremo
1525 876 1636 930 ἔγνον

184 953 226 986 ct
263 945 428 997 ἔὸαμειν,
472 945 557 985 vid.
600 944 773 985 dissert.
818 951 962 985 nostra
1003 943 1055 984 dc
1097 945 1273 1000 conjug.
1317 944 1362 985 in
1401 962 1445 996 μι
1486 961 1528 1002 p.
1566 944 1630 986 10.

184 1012 328 1069 Magis
370 1013 529 1053 offendi
571 1011 745 1069 possis,
791 1011 906 1069 quod
948 1013 1124 1064 δαίμων,
1168 1010 1345 1063 ποιμήν,
1394 1010 1556 1062 ἀληθής
1596 1018 1638 1052 et

184 1081 342 1121 similia
375 1079 564 1121 ultimam
599 1095 684 1121 non
715 1079 978 1137 corripiunt,
1021 1095 1264 1137 quanquam
1296 1087 1488 1121 accurata
1519 1079 1635 1120 inve-

184 1147 358 1204 stigatio
383 1147 530 1200 docet,
563 1163 638 1189 eos
669 1146 954 1189 nominativos
985 1163 1007 1188 e
1030 1147 1239 1205 stirpibus
1273 1148 1444 1201 δαιμον,
1476 1163 1632 1199 ποιμεν,

185 1215 336 1264 ἄληθες
366 1215 534 1270 adjecto
567 1233 609 1263 ς,
658 1214 733 1273 qui
763 1222 828 1256 est
859 1214 1111 1257 nominativi
1150 1216 1392 1267 character,
1440 1214 1636 1272 prodisse

183 1290 224 1325 et
255 1283 449 1324 ultimam
493 1283 774 1340 productione
816 1283 1077 1340 suppletoria
1117 1283 1289 1340 longam
1330 1282 1500 1324 habere.
1575 1281 1636 1323 At

183 1350 227 1391 in
268 1351 335 1392 his
375 1358 459 1392 tam
500 1358 662 1391 mature
702 1350 837 1406 sigma
885 1351 1098 1405 abjectum
1145 1357 1186 1392 et
1227 1350 1388 1391 vocalis
1429 1349 1633 1407 producta

183 1434 276 1460 esse
306 1418 477 1461 videtur
507 1416 628 1471 (Iade
659 1433 831 1475 quoque
862 1427 903 1459 et
928 1418 1106 1459 Atthide
1135 1418 1418 1470 testantibus,
1450 1432 1558 1474 quae
1590 1416 1633 1457 in

183 1486 279 1528 istis
311 1487 462 1543 longas
492 1487 691 1538 vocales,
724 1502 809 1527 non
843 1486 1135 1544 diphthongos
1164 1486 1388 1544 proferunt
1418 1485 1473 1526 el'.
1501 1486 1542 1537 ξ.
1561 1483 1632 1537 20,

186 1554 282 1606 13),
315 1561 361 1594 ut
391 1545 441 1595 eo
470 1562 690 1611 tempore,
723 1570 808 1611 quo
839 1562 1050 1595 extremae
1083 1553 1274 1611 syllabae
1299 1569 1321 1594 a
1341 1551 1634 1594 Doriensibus

183 1621 342 1678 corripi
373 1629 548 1678 coeptae
575 1630 697 1671 sunt,
733 1621 852 1663 nulla
882 1621 1206 1680 antiquissimae
1232 1621 1408 1662 rationis
1431 1619 1634 1661 memoria

184 1697 444 1746 superesset.

297 1756 449 1797 Paullo
470 1756 704 1809 diversam,
738 1757 922 1797 similem
953 1764 1092 1809 tamen
1123 1756 1331 1798 rationem
1356 1756 1400 1797 in
1422 1755 1634 1798 secundae

181 1825 503 1881 conjugationis
540 1840 722 1882 personna
754 1824 1027 1879 agnoscimus
1045 1836 1064 1871 ,“
1103 1840 1235 1880 quum
1280 1824 1402 1877 λέγεις
1443 1839 1466 1864 e
1505 1829 1633 1876 λεγεσι

183 1892 265 1932 iota
300 1893 558 1948 transposito
590 1900 729 1933 ortum
761 1894 841 1944 sit,
874 1891 959 1932 vid.
995 1891 1047 1932 L.
1074 1892 1091 1931 1
1123 1891 1162 1943 ξ.
1188 1893 1257 1942 14,
1288 1892 1341 1941 43,
1384 1906 1478 1931 nain
1508 1891 1632 1931 etiam

182 1959 252 1999 hie
291 1960 482 2000 vocalem
524 1959 643 2000 vides
685 1959 831 2016 potius
864 1975 946 1999 non
979 1958 1228 2014 productam
1259 1974 1354 1999 esse
1385 1974 1510 2014 quam
1541 1973 1632 1999 cor-

181 2034 358 2083 reptam.
433 2026 576 2082 Magis
609 2027 736 2067 ctiam
767 2025 809 2066 id
841 2033 1012 2083 apparet
1044 2025 1087 2065 in
1118 2025 1194 2072 πός
1225 2041 1302 2082 pro
1332 2028 1434 2073 ποῦς
1465 2033 1506 2066 et
1536 2025 1632 2066 πάν

180 2109 258 2150 pro
299 2096 403 2141 πᾶν,
454 2093 567 2149 quod
608 2110 628 2133 a
672 2092 963 2134 Doriensibus
1004 2092 1163 2150 corripi
1203 2093 1357 2134 docent
1392 2093 1629 2135 Herodian.

181 2161 279 2202 Oxx
327 2160 416 2207 ΙΙΙ,
450 2160 557 2212 290,
591 2161 615 2201 ἴ)
657 2168 697 2201 ct
742 2159 882 2202 Draco
920 2161 1000 2212 29,
1033 2160 1088 2203 20
1132 2186 1179 2191 -
1227 2161 1307 2212 85,
1345 2162 1390 2202 ll
1434 2161 1546 2202 sicut
1585 2161 1629 2202 in

180 2229 365 2270 Aeolide
397 2228 481 2270 vid.
518 2228 571 2269 L.
599 2229 614 2269 Ι
647 2233 686 2279 ξ.
710 2229 789 2280 21,
823 2229 877 2282 9,
912 2237 953 2269 et
983 2228 1189 2286 corripuit
1220 2228 1433 2269 Pindarus
1464 2228 1536 2269 Ol.
1569 2229 1629 2280 ΙΙ,

178 2297 232 2338 93
270 2295 314 2337 τι)
356 2295 458 2345 πάν,
507 2296 579 2336 ubi
612 2296 856 2337 Boeckhius
896 2295 1019 2337 aliam
1059 2297 1378 2338 excusationem
1419 2312 1629 2354 quaerens

180 2364 304 2406 τόνιαν
337 2364 524 2420 scripsit.

292 2431 523 2473 Difficilior
554 2448 699 2473 eornm
731 2441 795 2473 est
826 2433 958 2484 ratio,
1006 2448 1114 2489 quac
1147 2432 1338 2473 ultimam
1370 2431 1626 2487 corripiunt,

178 2515 419 2555 quanquam
462 2500 755 2540 contractione
794 2501 1010 2548 affectam,
1068 2508 1111 2540 ut
1149 2499 1288 2547 mvuo'g
1330 2514 1407 2556 pro
1445 2502 1625 2547 Φυκοῦς,

176 2568 290 2618 Iapis*
320 2583 395 2624 pro
427 2569 568 2619 ἱερεῖς,
601 2567 743 2614 Aurae
766 2584 842 2624 pro
862 2570 1053 2619 -'l(c1017;‚
1086 2569 1199 2615 noce'g
1231 2582 1304 2624 pro
1335 2568 1479 2613 ποιεῖς,
1512 2568 1626 2607 noc-lu

177 2650 251 2689 pro
292 2636 430 2675 nomin.
507 2635 594 2676 Sed
636 2635 760 2675 etiam
802 2636 869 2675 hic
911 2635 1030 2675 vides
1068 2644 1165 2676 ante
1195 2635 1506 2691 correptionem
1538 2649 1622 2674 non

174 2701 323 2743 adosse
365 2703 572 2758 syllabam
621 2703 819 2759 longam:
867 2719 959 2743 nam
1002 2704 1115 2750 τιυιὲς
1156 2711 1195 2743 et
1229 2705 1338 2742 nmae'v
1368 2717 1390 2740 c
1423 2702 1553 2747 ῑιυιέκς
1583 2709 1622 2741 ot

175 2771 304 2807 fmu'sr
336 2778 422 2810 orta
456 2771 698 2811 vxi-§fimare
730 2779 913 2827 oportet.
954 2770 1092 2817 ψυκός
1121 2787 1144 2810 e
1176 2771 1347 2816 ψυκωές.
1401 2770 1546 2824 ltaque
1578 2776 1621 2808 ut
