1779 3079
311 160 352 221 §.
390 163 463 210 12.
519 164 593 210 De
629 160 998 211 consonantibus
1034 160 1314 224 duplicibus.
1467 162 1532 211 97

208 301 277 337 Ila
292 314 348 350 ay
363 295 662 349 ιάδὸοντες,
709 299 745 337 οἱ
783 296 1073 349 γυμναζόμενοι
1114 299 1153 339 ἐν
1191 300 1277 346 τοῖς
1309 298 1534 351 ἐφηβείοις.

94 363 158 406 lta
203 363 457 421 corrigimus
498 363 658 405 codicis
698 363 925 405 lectionem
970 367 1158 415 πλατειά,
1218 365 1382 414 ὁάοντες
1421 369 1458 408 οἱ
1495 383 1533 419 y.

92 433 178 480 τοῖς
220 432 420 485 ἐφήβοις,
478 446 609 488 quum
649 429 879 483 πλαγιάζειν
917 432 1151 473 secundum
1191 433 1414 475 Pollucem
1451 433 1534 488 III,

96 499 176 541 155
208 499 264 540 sit
293 497 504 550 πάλαισμα
534 504 576 539 et
605 497 825 554 gymnasia
857 497 1034 557 Spartae
1066 500 1336 557 potissimum
1366 502 1538 553 ἑφηβεῖα

97 575 242 609 vocata
272 565 359 607 sint
387 572 492 607 teste
523 565 736 618 Pausania
767 566 866 607 Lac.
908 582 946 608 e.
980 567 1033 609 14
1063 574 1105 609 et
1130 567 1199 609 20.
1261 567 1537 609 Hemsterhu-

95 634 186 676 sius
215 633 260 675 in
281 633 458 674 Auctar.
491 632 542 674 ad
571 633 613 674 ΙΙ
646 649 686 690 p.
704 633 787 676 974
816 633 950 675 voluit
978 633 1307 683 πλατειάὸὃυντες
1336 641 1407 676 aut
1434 639 1536 676 πλα-

94 701 336 748 τιάδὸοντες.
713 743 716 745 ,

208 766 538 822 Προμάὸὃας
568 766 681 818 (cod.
707 767 962 821 προμάλας),
994 767 1126 821 μάζας
1154 771 1539 825 προμεματτωμένας

94 835 336 892 (corrigunt
366 836 731 888 προμεμαγμένας).

206 902 580 956 Συμβουάὸὁει
610 903 722 954 (cod.
759 903 1050 959 συμβυυαδὲἲ),
1098 905 1342 960 ὑπέρμαχεῖ,
1386 906 1541 948 Λάκω-

95 987 169 1019 νες.
228 971 270 1012 Α
301 970 517 1012 Laconico
550 971 687 1023 βούα,
723 969 839 1023 α’γὲλη
872 970 1128 1013 descendere
1160 972 1326 1014 videtur
1354 974 1536 1026 βουάζω.

207 1038 437 1080 §odada
467 1038 580 1089 (cod.
616 1039 830 1087 σωα).δεῖ),
873 1041 1113 1093 παραληρεῖ.
1186 1040 1248 1081 Ita
1277 1042 1540 1084 correximus

96 1105 248 1147 collata
269 1106 411 1162 glossa
433 1105 603 1154 θοάζει,
633 1107 790 1159 τρέχει,
823 1108 1019 1160 μαίνεται,
1050 1106 1135 1147 nisi
1166 1108 1273 1148 sorte
1304 1108 1446 1152 verius
1477 1118 1541 1152 est

100 1172 290 1215 σουάδδει
318 1189 397 1230 pro
427 1172 588 1222 θυάζει.
648 1172 869 1215 Dialectns
900 1173 1115 1215 Laconica
1147 1182 1334 1231 apparet.

215 1242 564 1294 Φαιρίὸδειν,
596 1243 850 1294 σφαιρίζειν,
884 1240 956 1282 ubi
989 1257 1013 1281 σ
1042 1241 1253 1296 abjectum
1284 1242 1541 1286 Laconicam

95 1315 168 1350 aut
197 1307 442 1350 Boeoticam
470 1308 697 1350 dialectum
729 1307 885 1366 prbdit.

216 1375 488 1418 Φουάδδει
527 1376 641 1429 (cod.
676 1377 918 1430 ᾳουαὸδεῖ),
984 1378 1212 1428 σωμασκεῖ,
1271 1379 1383 1421 haud
1413 1379 1540 1422 dubie

96 1444 385 1497 Laconicum,
416 1444 501 1486 vid.
535 1444 691 1498 §.183
723 1443 852 1499 vulgo
883 1451 1054 1485 sonaret
1083 1443 1240 1495 φυάζω.

219 1511 501 1561 ἶΡιάὸὀέειν,
534 1513 689 1560 παίζειν
723 1517 770 1551 ut
799 1511 842 1552 iu
871 1510 1125 1567 Lysistl'ata.

211 1579 447 1636 Plerasque
487 1596 538 1620 ex
576 1578 642 1619 his
684 1578 840 1634 glossis
870 1578 1104 1620 Laconicas
1140 1594 1233 1619 esse
1271 1586 1432 1620 certum
1472 1586 1543 1620 aut

101 1646 458 1688 verisimillimum
497 1654 591 1699 est,
651 1645 764 1686 unde
795 1646 846 1686 de
877 1646 1055 1703 reliquis
1085 1646 1372 1700 conjecturam
1403 1646 1542 1687 facere

102 1715 216 1755 licet.
285 1713 394 1756 Nam
426 1714 540 1771 quod
568 1713 805 1754 infinitivus
836 1713 1006 1771 saepius
1038 1713 1081 1754 in
1112 1715 1158 1757 Ξῖἶ
1187 1713 1273 1755 exit
1300 1729 1378 1770 pro
1409 1714 1542 1755 Laeo-

101 1782 199 1824 nico
229 1782 296 1836 ἦῖ,
331 1781 453 1823 facile
482 1781 550 1822 vel
576 1780 981 1838 glossographorum
1007 1782 1076 1823 vel
1105 1780 1376 1822 librariorum
1407 1779 1542 1821 errori

100 1850 316 1891 tribueris.
402 1849 494 1890 Nec
534 1847 728 1889 Boeotici
776 1848 1007 1906 quidquam
1049 1848 1335 1890 intermixtum
1377 1847 1544 1889 videtur

101 1933 179 1959 nec
209 1916 433 1973 Meg-arici.

211 1987 255 2035 4)
313 1984 421 2025 Nam
450 1983 727 2040 Megarenses
760 1999 931 2042 quoque
975 1987 995 2032 ζ
1026 1983 1069 2024 ἱη
1102 1984 1150 2023 ὃὸ
1175 1990 1359 2025 mutasse
1389 1982 1544 2024 docent

100 2052 147 2094 in
177 2051 480 2110 Aristophanis
508 2051 863 2093 Aeharnensibus
907 2068 947 2092 v.
980 2052 1062 2094 732
1101 2052 1257 2103 μᾶδδαν
1295 2065 1373 2108 pro
1412 2052 1543 2103 μᾶζαν

103 2119 238 2177 (quod
264 2120 405 2178 ipsum
434 2136 474 2161 v.
507 2120 588 2161 735
619 2119 663 2160 in
693 2119 891 2161 omnibus
920 2119 1043 2160 libris
1072 2119 1153 2169 est)
1184 2126 1226 2159 et
1245 2118 1328 2159 734
1355 2118 1543 2174 χρῄδδετε

103 2203 200 2229 eum
230 2186 392 2228 scholio
422 2187 473 2227 ad
501 2187 686 2244 priorem
715 2203 862 2230 vocem
882 2190 932 2238 5).
1004 2186 1163 2229 Contra
1195 2185 1449 2238 φαντάζομαι
1479 2191 1543 2226 est

103 2272 144 2297 v.
177 2255 286 2307 8⁸23,
338 2261 379 2295 et
407 2254 452 2295 in
482 2254 618 2296 titulis
646 2271 786 2312 neque
817 2254 970 2297 servati
1006 2270 1144 2311 neque
1174 2253 1323 2294 mutati
1353 2256 1374 2302 ζ
1403 2268 1541 2294 exem-

103 2322 225 2380 plum
253 2321 478 2379 reperitur.
540 2322 600 2363 At
629 2321 905 2379 Megarenses
940 2329 1158 2380 praeterea
1187 2320 1354 2362 mitiore
1379 2318 1542 2361 Doride

105 2389 358 2442 utebantur,
406 2404 536 2446 quare
574 2389 720 2431 nescio
750 2406 802 2431 an
832 2389 1143 2447 Aristophanes
1173 2388 1358 2429 imitatus
1390 2386 1446 2428 sit
1474 2402 1542 2427 ru-

1258 2601 1286 2608 ..-

153 2618 189 2652 5)
238 2616 376 2652 Scholl.
410 2616 504 2649 Ach.
539 2618 615 2651 732.
663 2616 693 2649 οἱ
725 2619 895 2663 ,Μεγαρεῖς
930 2618 965 2649 δὲ
999 2618 1160 2662 τρέπουσι
1191 2613 1230 2647 τὸ
1264 2613 1280 2646 ἰ
1313 2610 1357 2648 εἷς
1393 2610 1454 2645 δύο
1489 2599 1541 2643 5ιῖ

109 2674 200 2708 Inde
225 2675 329 2709 Suid.
369 2673 480 2713 μάζα·
517 2672 547 2705 οἱ
579 2675 614 2707 δὲ
647 2676 817 2719 ᾺῙξγαρῆἴς
848 2673 964 2714 μάὸὸα
998 2681 1033 2708 et
1058 2673 1116 2706 Et.
1147 2672 1194 2704 M.
1223 2671 1311 2710 573,
1339 2670 1394 2703 21.
1427 2666 1543 2706 μάδὸα

107 2730 183 2764 ἀντὶ
208 2734 269 2764 τοῦ
293 2730 385 2771 μάζα
411 2734 580 2777 Δωρικῶς.

176 2805 233 2847 ΙΙ.
1270 2802 1295 2843 7
