1779 3079
228 201 327 250 562
632 198 862 246 Addenda
897 208 942 246 et
979 197 1291 263 Corrigenda.

232 334 431 377 codicum
475 333 557 374 AB
602 332 852 374 auctoritate
899 332 945 374 in
991 332 1262 387 Πατροκλέας·
1306 331 1463 375 mutari
1507 339 1692 390 oportet,

232 418 478 460 quanquam
520 403 625 443 haee
664 400 782 442 varia
820 400 952 443 lectio
991 401 1043 442 ad
1087 400 1226 442 solum
1265 400 1452 458 primum
1490 415 1513 442 e
1552 401 1694 443 tribus

230 471 341 512 loeis
372 471 562 512 affertur.
624 469 798 511 Deinde
828 477 944 527 patet
973 485 1130 511 nomen
1160 471 1428 523 Πατροκλέας
1457 468 1694 511 Plutarcho

232 555 319 579 non
361 538 580 579 diversum
621 554 716 579 esse
757 555 780 580 a
813 541 1076 593 Πατροκλῆς.
1168 537 1371 579 Ceterum
1405 538 1692 591 Πατοοκλεάς,

232 623 360 664 quem
391 606 763 663 Viyttenbaehius
806 607 920 665 apud
959 607 1297 664 Xenophontem
1338 606 1457 647 Hist.
1501 604 1577 647 Gr.

231 675 273 728 5,
306 676 332 717 8
363 674 688 716 commemor-aii
719 674 852 729 dicit,
908 675 969 716 ibi
1001 691 1087 717 non
1120 675 1360 732 [Mepeiituffi
1415 674 1490 716 sed
1523 678 1695 725 Πατρο-

232 746 331 792 κλης
362 743 460 795 Vl,
494 743 545 795 5,
577 743 646 784 38

340 809 435 852 Jam
453 774 587 866 igitinr
599 818 768 868 praeter
778 809 1021 857 Ἵπποκλεάς
1036 809 1230 866 quinque
1244 809 1418 851 nomina
1429 809 1474 850 in
1489 814 1609 856 κλεας
1621 824 1696 850 ex·-

229 879 374 921 euntia
395 879 695 934 cognovimns,
730 894 838 934 quae
862 877 975 934 apud
996 876 1181 934 Papium
1202 875 1346 917 omnia
1365 876 1691 918 desiderantur:

341 946 717 1002 Ἀριστοκλεάς
748 946 953 986 Achaeus
1000 944 1050 986 C.
1084 945 1120 985 I.
1170 960 1236 985 nr.
1270 945 1368 987 812.

337 1016 645 1069 Ἡρακλέας
685 1013 977 1057 Atheniensis
1018 1012 1070 1054 C.
1103 1013 1139 1054 Ι.
1187 1028 1254 1053 nr.
1288 1012 1372 1055 300
1412 1010 1488 1067 (de
1519 1004 1694 1056 nomine

225 1085 446 1140 ‘Ilpamafg
485 1083 573 1124 vid.
610 1082 726 1124 Keil.
762 1082 890 1140 Spec.
924 1082 1082 1124 Onom.
1125 1097 1168 1138 p.
1202 1081 1290 1131 17).

338 1150 613 1204 'Iocum-'ag
647 1172 695 1189 :2
725 1150 914 1204 ’Ῐςμκλῆς
953 1150 1120 1192 Seholl.
1154 1148 1286 1189 Pind.
1317 1147 1448 1205 Pyth.
1480 1147 1548 1189 XI
1582 1154 1689 1189 extr.

224 1218 336 1262 Nam
367 1219 638 1260 Bocchhium
683 1235 770 1260 non
812 1226 927 1260 recte
962 1217 1203 1276 genitivum
1233 1216 1421 1271 Ἰφικλέα
1451 1216 1691 1274 expulisse,

225 1287 321 1347 ipsa
353 1287 656 1344 Gottingensis
687 1287 854 1329 codicis
886 1286 1018 1329 lectio
1049 1286 1189 1327 docet.

342 1356 697 1410 ΙΙα-τροκλέας
730 1376 778 1393 =
816 1357 1066 1409 Πατροκλῆς
1098 1354 1320 1395 Plutarch.
1356 1353 1407 1395 de
1440 1353 1487 1395 S.
1514 1353 1571 1395 N.
1604 1353 1661 1393 V.

337 1424 688 1476 Ααμοκλέας,
745 1425 870 1480 eujus
921 1423 1137 1480 genitivus
1179 1423 1404 1475 Ααμοκλέα
1443 1422 1606 1480 legitur
1647 1422 1692 1463 in

224 1492 351 1535 titulo
384 1492 641 1535 Tithorensi
673 1509 740 1534 nr.
773 1494 800 1535 2
830 1492 949 1533 Mus.
984 1491 1126 1532 Rhen.
1160 1491 1221 1543 II,
1258 1490 1381 1532 1843.
1430 1507 1474 1548 p.
1511 1491 1608 1532 554.

339 1560 464 1603 Adeo
521 1568 690 1603 sextum
740 1561 833 1616 ejus
886 1559 1060 1616 generis
1102 1576 1260 1601 nomen
1298 1560 1431 1617 idque
1469 1558 1692 1601 Thessali·

225 1644 323 1672 eum
357 1629 537 1671 habebis
568 1628 930 1682 Ἐρατοκλιάς
961 1628 1009 1681 (i.
1030 1628 1411 1682 e.'I2'9aroz)..<'ag),
1455 1627 1493 1668 si
1524 1628 1569 1668 in
1600 1642 1692 1669 eor·

225 1697 419 1755 ruptiore
451 1697 578 1739 titulo
601 1697 860 1738 Thessalico
892 1713 960 1738 nr.
979 1696 1005 1738 8
1036 1696 1147 1738 illud
1177 1696 1407 1738 restituere
1437 1711 1570 1737 ausus
1600 1696 1692 1737 fue·

224 1766 304 1807 ris.
355 1765 531 1818 Quibus
564 1764 774 1821 exemplis
807 1780 941 1821 quum
973 1765 1054 1806 hoe
1085 1780 1225 1821 genus
1254 1763 1557 1821 homonymiac
1587 1763 1691 1805 satis

224 1833 384 1874 firmari
413 1833 639 1886 videatur,
670 1832 734 1873 rei
765 1831 1421 1890 explicatio*circumspicienda
1450 1839 1545 1885 cst,
1593 1847 1692 1873 nam

166 1953 169 1955 ‚
224 1901 276 1942 de
296 1900 457 1942 Dorica
475 1901 639 1943 vocalis
659 1901 895 1943 mutatione
916 1917 1048 1958 quum
1070 1901 1235 1958 reliqua
1265 1908 1356 1942 tum
1385 1899 1564 1958 genitivi
1583 1898 1693 1952 Ἰᾳι-

224 1969 336 2017 κλέα,
355 1969 576 2020 Δαμοκλεά
594 1977 635 2010 et
651 1969 872 2011 vocativus
894 1970 1144 2025 ,Πατροκλέα
1163 1976 1322 2011 vetant.
1358 1967 1592 2010 simillima
1618 1983 1690 2008 au-

157 2056 172 2078 .·
222 2043 306 2078 tem
330 2036 606 2092 homonymia
625 2044 843 2093 spectatur
860 2037 903 2077 in
920 2037 1146 2078 nonnullis
1169 2036 1438 2087 nominibus,
1471 2051 1579 2092 quae
1602 2050 1690 2076 mo-

166 2114 179 2149 ζξ
225 2105 280 2146 do
312 2104 356 2144 in
390 2120 454 2151 ευς
484 2103 611 2144 modo
643 2104 689 2144 in
722 2120 792 2151 ,εας
822 2105 1048 2145 terminata
1079 2106 1299 2161 leguntur.
1362 2104 1421 2145 Ut
1451 2119 1690 2161 eponymus

167 2215 169 2217 ,
225 2171 536 2229 Lepi-catarum
578 2172 705 2212 beros
746 2171 798 2212 ab
831 2172 1057 2213 Athenaeo
1088 2172 1161 2225 X,
1194 2173 1291 2213 412.
1325 2172 1367 2212 A
1405 2171 1596 2225 Λεπρεὺς
1627 2171 1690 2213 di-

168 2241 170 2244 ’
222 2239 366 2293 citur,
410 2239 461 2280 ab
491 2239 680 2280 Aeliano
710 2239 768 2280 V.
803 2239 859 2280 H.
894 2240 941 2288 Ι,
975 2241 1030 2281 2-4
1061 2240 1283 2295 Λεπρεάς,
1331 2247 1515 2297 utraque
1547 2239 1690 2282 nomi—

222 2308 291 2349 nis
333 2309 469 2350 forma
510 2323 588 2365 per
617 2307 760 2349 varios
792 2323 917 2349 casus
949 2307 1161 2349 declinata
1193 2316 1235 2350 et
1264 2308 1474 2350 librorum
1504 2308 1689 2349 auctori·

221 2382 306 2416 tate
355 2375 457 2416 satis
502 2376 703 2427 iii-inata;
762 2375 918 2418 deinde
963 2375 1074 2416 idem
1118 2376 1406 2429 Corinthius,
1462 2375 1689 2417 Adimauti

223 2443 339 2485 filius
358 2474 371 2496 ,
425 2444 499 2501 qui
531 2443 646 2500 apud
677 2443 980 2501 Thucydidem
1012 2444 1063 2497 I,
1095 2443 1151 2486 (30
1181 2460 1278 2502 sqq.
1313 2451 1355 2485 et
1384 2444 1427 2485 ll
1447 2474 1460 2497 ,
1491 2443 1546 2485 67
1574 2442 1688 2497 Ἀρι-

226 2511 340 2559 στεύ,1
371 2511 516 2564 audit,
562 2512 783 2553 Herodoto
814 2511 930 2565 Vll,
966 2512 1044 2553 137
1076 2520 1141 2553 est
1171 2511 1415 2566 Ἀριστεάς,·
1469 2518 1687 2569 postremo

222 2578 337 2620 idem
379 2579 654 2621 citharoedus
694 2579 869 2621 Atticus
908 2578 1123 2632 Ἀμοιβεύς
1161 2579 1322 2621 dicitur
1362 2580 1526 2621 Athen.
1557 2577 1684 2632 XIV,

221 2646 319 2689 623.
356 2646 396 2687 D
441 2655 482 2688 ct
513 2647 688 2689 Aelian.
721 2647 780 2687 H.
814 2648 900 2688 An.
934 2647 998 2688 Vl
1019 2679 1031 2701 ,
1067 2649 1118 2698 1,
1166 2647 1385 2700 Ἀμοιβεάς
1415 2647 1591 2689 Aelian.
1625 2645 1683 2687 V.

222 2714 276 2756 ΙΙ.
312 2715 408 2768 Ill,
441 2716 522 2768 30,
571 2716 690 2757 nulla
723 2716 991 2773 corruptelae
1022 2715 1288 2774 suspicione.
1360 2715 1487 2757 Adeo
1517 2714 1685 2772 Grego-

222 2782 314 2823 rius
354 2782 608 2840 Theologus
653 2785 787 2824 Anth.
843 2783 937 2825 Pal.
983 2784 1121 2838 Vlll,
1160 2785 1211 2826 17
1255 2783 1408 2836 νομέας
1452 2782 1563 2824 dixit
1606 2796 1685 2840 pro
