1779 3079
303 172 344 230 §.
369 171 448 220 44.
498 173 572 219 De
601 169 843 220 adverbiis
875 170 968 219 loci
993 181 1037 218 et
1060 170 1306 233 temporis⁴
1436 169 1530 219 371

83 305 168 349 698
198 305 312 362 αἵχ’
344 306 486 361 εὕρητε
515 325 580 348 πα
617 322 695 365 pro
735 323 817 360 πη,
858 323 971 355 πως,
1027 307 1111 348 714
1151 305 1251 361 ἐγών
1290 308 1331 346 δὲ
1370 308 1537 359 καρυξῶ

48 429 50 433 y
84 373 360 416 Δικαιόπολιν
391 375 492 416 ὅπα
521 390 601 433 pro
633 372 899 416 exhortativo
941 373 1067 421 ὅπως.

195 441 329 499 Apud
361 442 597 484 Pindarum
628 443 857 499 leguntur:
904 440 1057 481 Isthm.
1090 439 1149 492 V,
1181 440 1236 481 56
1271 458 1328 481 πα
1366 441 1535 483 encliti-

83 523 206 563 cum,
257 509 339 550 ὅπα
372 509 446 552 01.
478 509 571 562 XI,
606 508 672 551 10.
706 508 756 550 11
799 511 1075 565 (utrumque,
1119 507 1206 548 nisi
1236 508 1430 550 fallimur
1458 524 1535 566 pro

83 577 351 620 exhortativo
382 575 543 630 ὅπως),
576 575 682 617 ibid.
719 576 772 619 58
802 591 878 633 pro
910 575 1049 627 ὅπως,
1081 575 1196 631 quod
1225 575 1374 617 eodem
1405 592 1535 619 sensu

83 643 341 685 sententiam
382 644 630 696 continuat,
674 643 731 685 N.
763 643 858 695 Ill,
888 643 945 685 24
982 657 1060 699 pro
1093 642 1200 698 ὅπῃ,
1246 658 1274 699 q
1289 658 1535 697 norsum,

84 708 112 761 ᾇ
137 709 263 765 τάχος
294 709 367 751 01.
403 710 494 764 VI,
525 711 579 754 23
610 726 688 770 pro
720 712 776 759 ὥς
804 709 956 765 τάχος,·
1002 712 1164 761 πολλᾷ
1202 725 1281 767 pro
1311 711 1537 765 πολλαχόσε

83 776 156 819 01.
189 777 325 831 VIII,
357 777 441 831 233
473 781 604 819 παντᾶ
635 794 712 837 pro
743 777 871 828 πάντη
906 792 1047 835 saepe.

191 843 326 902 Apud
357 844 640 887 Theocritum
671 847 774 888 hacc
806 853 930 887 sunt:

195 915 288 965 πᾷ,
322 928 423 970 quo
453 912 521 966 II,
556 914 624 956 19.
655 914 758 964 VII,
789 914 859 961 21.
894 912 978 965 XI,
1008 913 1075 955 72.
1137 912 1198 953 lta
1231 912 1378 970 accipe
1411 913 1536 954 ctiam

81 979 151 1032 II,
184 979 206 1020 1
237 982 297 1031 πᾷ
323 996 393 1031 μοι
422 983 486 1020 ταὶ
519 980 672 1035 δάφναι
699 989 741 1023 et
769 979 873 1030 XV,
903 972 1014 1022 33ιὰ
1046 979 1146 1029 κλᾶξ
1173 978 1247 1028 τὰς
1277 979 1451 1034 μεγάλας
1479 985 1535 1032 πᾷ

81 1045 314 1099 λάρνακος,
361 1047 509 1089 eodem
548 1064 705 1097 sensu,
752 1064 882 1106 quem
923 1063 1051 1105 supra
1082 1047 1126 1089 in
1158 1047 1348 1105 Lysistr.
1381 1064 1421 1089 v.
1454 1050 1538 1091 980

81 1114 227 1156 inesse
259 1114 463 1156 diximus.

194 1199 261 1222 πα
291 1182 541 1224 encliticum
571 1181 608 1234 I,
641 1181 710 1224 59.
733 1181 802 1224 63.
835 1181 916 1236 lv,
950 1182 990 1224 3.
1034 1183 1135 1235 VII,
1164 1183 1257 1225 149.
1287 1182 1389 1236 1515
1421 1183 1535 1224 idem

80 1248 176 1303 XI,
208 1249 264 1292 28
306 1265 384 1307 pro
425 1267 487 1290 πω
529 1265 552 1291 c
590 1248 715 1290 libris
754 1249 1068 1291 restituendum
1109 1257 1188 1293 cst.
1266 1250 1336 1291 Dc
1366 1250 1537 1292 πάποκα

80 1316 181 1358 vide
213 1332 342 1373 supra
373 1333 439 1358 nr.
471 1317 512 1358 2.

192 1386 317 1436 τᾷδε
346 1385 416 1438 II,
450 1385 553 1434 101,
585 1385 701 1426 huc.
765 1386 992 1428 Praeterea
1023 1402 1045 1428 a
1076 1385 1295 1428 Meinclzio
1326 1394 1536 1428 retentum

81 1459 148 1494 est
177 1451 224 1505 I,
258 1453 338 1504 12,
385 1452 461 1494 ubi
491 1453 586 1510 ipse
617 1452 661 1493 in
692 1453 968 1496 annotatione
998 1455 1101 1494 τεῖόε
1142 1454 1357 1511 praefert,
1405 1461 1447 1495 et
1476 1455 1535 1507 V,

81 1519 162 1573 67,
207 1519 284 1560 ubi
322 1519 425 1561 libri
464 1535 615 1563 omnes
644 1522 739 1570 τῆὁε
770 1529 842 1562 aut
870 1523 995 1562 τεῖνὸε
1024 1521 1182 1564 habcrc
1213 1521 1417 1563 videntur
1447 1522 1534 1563 vid.

81 1602 149 1628 nr.
169 1587 219 1642 1,
253 1587 408 1629 deinde
432 1588 492 1641 V,
528 1588 595 1630 50.
628 1588 712 1642 XI,
737 1589 846 1642 118,
880 1588 956 1629 ubi
987 1589 1168 1630 fortasse
1200 1605 1223 1631 e
1255 1589 1382 1630 bonis
1412 1589 1536 1630 libris

81 1655 176 1704 τῆδε
205 1663 279 1696 aut
309 1671 331 1696 c
362 1655 613 1709 conjectura
642 1657 744 1696 τεῖὁε
773 1656 1070 1713 reponendum
1104 1663 1200 1709 cst,
1232 1672 1364 1713 quum
1396 1664 1536 1698 motus

83 1721 344 1778 significatio
376 1722 448 1765 vix
478 1722 582 1763 ferri
612 1722 749 1779 possit
779 1723 865 1764 vid.
900 1738 966 1763 nr.
998 1724 1041 1765 2.

192 1792 356 1841 ταυτᾷ
393 1789 474 1844 ἔχει
502 1789 607 1842 XV,
643 1790 695 1832 18
736 1789 766 1830 i.
800 1805 838 1831 e.
884 1790 1013 1838 οὕτως
1044 1789 1122 1845 ἔχει
1154 1798 1269 1832 reete
1302 1807 1323 1832 a
1355 1790 1537 1832 Reislzio

81 1870 106 1897 e
134 1855 361 1897 meliorum
391 1857 602 1899 librorum
633 1857 858 1913 vestigiis,
908 1857 982 1915 qui
1022 1857 1138 1899 ταῦτ’
1175 1858 1256 1913 ἔχει
1294 1875 1373 1916 pro
1412 1858 1536 1898 ταῦτά

81 1921 124 1978 y'
155 1922 261 1978 ἔχει,
304 1925 488 1981 proponi
533 1924 729 1979 videtur,
776 1941 872 1966 nam
915 1926 1127 1967 vocalium
1167 1925 1274 1966 ratio
1314 1927 1358 1967 in
1398 1928 1536 1975 τουτᾶ,

82 1990 202 2049 quod
233 2007 286 2032 ex
306 1991 565 2048 Epimenide
588 2007 715 2049 supra
737 2009 802 2033 nr.
823 1994 850 2035 2
875 1993 1097 2034 attulimus
1112 2023 1125 2045 ,
1157 1993 1431 2036 incredibilis
1455 2000 1533 2035 cst.

196 2056 249 2111 ᾇ,
296 2075 401 2116 quo
439 2060 578 2113 XIII,
610 2060 680 2102 70.
724 2060 850 2114 XIV,
883 2061 964 2114 423
1012 2060 1038 2112 ᾇ
1068 2059 1116 2100 τὰ
1145 2060 1350 2110 Ati-amoq
1380 2062 1451 2113 II,
1483 2061 1537 2102 7ss

81 2125 114 2167 ἰ.
138 2141 177 2166 e.
211 2141 362 2182 quam
393 2135 601 2184 partem
631 2143 853 2182 versus,
886 2127 988 2169 item
1019 2128 1066 2181 I,
1099 2129 1154 2169 22
1186 2127 1290 2181 ᾇπερ
1323 2130 1342 2170 ὁ
1374 2131 1533 2176 θῶκος,

82 2192 131 2246 I,
165 2192 242 2245 13,
274 2192 332 2241 V,
366 2194 444 2235 101
479 2193 503 2246 ᾇ
533 2210 573 2235 τε
602 2196 771 2247 μυρῖκαι
801 2193 870 2250 (ea
902 2196 1018 2237 enim
1050 2195 1239 2253 genuina
1273 2203 1338 2236 est
1368 2195 1534 2246 lectio).

84 2259 173 2303 Sed
200 2260 282 2313 IV,
317 2261 370 2302 33
403 2260 465 2313 (τό
495 2263 722 2312 Λακίνιον,
759 2261 860 2314 ᾇπερ
894 2263 915 2303 ὁ
946 2262 1101 2311 πύκτας
1135 2265 1274 2315 Αἴγων
1305 2261 1537 2312 ὀγδώκοντα

84 2327 208 2381 μόνος
238 2329 505 2368 κατεδαίσατο
537 2328 717 2381 μάσδας)
750 2330 1043 2372 necessarium
1075 2330 1245 2371 videtur
1275 2330 1400 2382 εἴπερ.
1448 2329 1535 2370 Pro

87 2396 143 2444 ὥς
173 2402 239 2436 est
267 2395 312 2435 in
346 2393 370 2446 ᾇ
401 2394 524 2449 τάχος
555 2395 682 2448 XIV,
712 2397 780 2439 68.

197 2465 368 2513 παντᾷ
398 2478 475 2519 pro
505 2462 633 2517 πάντῃ
667 2464 712 2515 I,
748 2463 815 2504 55.
858 2463 994 2516 VIII,
1033 2463 1102 2504 41.
1148 2462 1251 2516 XV,
1283 2464 1324 2505 6.

199 2529 326 2580 ἄλλα
357 2531 429 2582 II,
461 2530 641 2583 6127,
674 2531 803 2572 alio.
1524 2579 1529 2584 ,

201 2596 327 2647 αὐτᾷ
356 2597 387 2638 i.
409 2614 446 2639 e.
483 2596 643 2646 αὕτως,
678 2599 864 2639 eodem
895 2598 1079 2650 modo,
1112 2598 1376 2639 restituimus
1406 2599 1534 2651 XIV,

16 2664 22 2699 i
89 2663 111 2704 1
142 2679 164 2705 e
193 2664 420 2705 meliorum
450 2664 658 2705 librorum
690 2665 888 2722 vestigiis
920 2666 1007 2707 vid.
1041 2666 1082 2718 ξ.
1116 2667 1193 2707 32.
1228 2666 1267 2707 4.

197 2732 242 2783 9)
287 2732 510 2774 Postremo
540 2731 767 2785 omuibus,
800 2748 910 2790 quac
941 2733 985 2775 in
1019 2733 1212 2775 sontibus
1243 2731 1387 2773 minus
1411 2732 1535 2774 ctiam

1188 2819 1267 2861 24*
