1779 3079
525 210 603 259 Ad
636 211 853 260 Librum
890 211 1133 260 Primum.
1444 210 1544 259 507

95 354 235 390 terum
272 346 319 389 in
359 346 436 390 illo
477 347 781 405 epigrammate
822 348 990 389 nullum
1035 355 1252 405 praeterea
1298 345 1541 404 exemplum

94 415 311 458 Aeolismi
341 414 488 472 paullo
518 413 823 457 reconditioris
855 423 982 456 extat.

208 483 334 540 Pag.
367 484 422 525 84
465 483 496 524 l.
529 483 571 525 6.
632 482 700 525 De
730 481 944 523 Lesbiaco
983 483 1180 537 πρύτανις
1217 498 1388 524 omnem
1418 481 1541 523 ‹lubi-

96 549 301 592 tationem
332 550 546 608 praecidit
576 550 729 591 titulus
750 549 935 603 Delius,
967 550 1012 590 in
1043 567 1130 608 quo
1161 558 1226 592 ter
1255 550 1428 607 legitur.

206 617 333 676 Pag.
366 618 420 660 85
458 618 490 660 l.
528 618 594 659 17.
653 616 838 658 Accedit
867 616 1054 669 ἔγκτησις
1087 620 1212 659 Cum.
1247 619 1371 660 3523.

207 685 331 744 Pag.
364 685 418 728 85
460 685 492 726 l.
525 685 595 726 26.
675 684 804 726 Nunc
846 688 1010 733 πλᾶθος
1056 687 1108 726 ad
1153 686 1544 743 hyperaeolismnm

92 753 279 795 recentis
310 751 459 793 aetatis
488 752 716 794 referimus
757 753 833 803 (ef.
871 753 926 794 L.
959 753 1001 793 ΙΙ
1045 754 1087 806 ξ.
1124 755 1199 805 19,
1232 756 1302 805 3),
1349 754 1462 794 sieut
1497 752 1544 793 in

92 820 241 863 eodem
272 820 398 862 titulo
430 818 619 861 Cumaeo
650 820 809 874 ἔφαβος
838 821 926 863 vid.
961 838 1084 878 seqq.
1125 829 1166 863 et
1197 821 1239 861 in
1275 821 1401 861 Cum.
1436 820 1544 862 3523

92 887 425 943 Ἀγασίστρατος
454 904 533 945 pro
562 887 916 943 'Aytmc'orpazog;
962 904 1102 946 neque
1133 889 1246 930 enim
1277 889 1372 929 fieri
1403 895 1546 944 potest

91 963 140 997 ut
169 956 215 997 in
245 957 328 998 hoc
358 955 534 997 nomine
567 954 690 1009 ἁγασι
719 956 772 998 ab
806 957 959 1009 ἄγαμαι
999 963 1244 1013 repetatur,
1290 964 1338 997 ut
1367 955 1469 997 licet
1499 955 1543 996 in

92 1023 193 1066 aliis
224 1023 312 1065 vid.
343 1023 459 1065 Keil.
491 1023 642 1064 Anall.
675 1039 720 1081 p.
753 1023 850 1066 216.

202 1115 256 1122 --
287 1091 319 1133 l.
352 1090 421 1133 30.
487 1089 544 1132 Ut
573 1091 722 1145 ὅρημι,
772 1092 830 1132 ita
869 1090 994 1132 ctiam
1036 1090 1203 1143 ἅτίμημι
1232 1089 1394 1132 Aeolus
1426 1089 1544 1132 dixe·

89 1166 191 1201 runt
231 1159 471 1202 secundum
510 1158 708 1201 Anecdd.
751 1160 875 1201 Parr.
919 1160 1011 1213 III,
1056 1160 1164 1211 350,
1195 1159 1266 1202 20.
1326 1157 1543 1210 ἠτίμησεν

91 1225 200 1266 ἔστιν
230 1227 410 1268 ἐνταῦθα
441 1225 607 1279 πρώτης
640 1227 829 1280 συζυγίας
858 1229 938 1267 τῶν
969 1227 1285 1279 περισηιιη.ιε’νωυ
1314 1227 1542 1274 Αἰολικοῖς.

27 1343 28 1350 ¹
91 1292 245 1347 ἄτιμεῖς
287 1292 365 1349 γάρ
413 1310 541 1347 φασιν
581 1298 618 1336 οἱ
661 1296 852 1344 Αἰολεῖς,
915 1298 952 1336 οἱ
995 1297 1035 1335 (ἳέ
1066 1293 1251 1336 Ἀττικοὶ
1291 1293 1449 1346 duffio&
1490 1319 1543 1326 -

83 1361 225 1410 Ἴωνες
256 1359 418 1415 ἇῖιμᾷς.

202 1429 333 1488 Pag.
367 1429 422 1473 86
458 1429 490 1471 l.
523 1430 593 1473 23.
653 1429 781 1472 Adde
815 1428 1032 1471 ,Γῖίυτιλάνα
1062 1429 1164 1473 Del.
1199 1439 1281 1473 etc.
1341 1431 1457 1475 Male
1488 1434 1544 1474 εἰ-

92 1495 197 1550 ρῆνα
226 1497 411 1539 traditur
441 1497 567 1539 Cum.
601 1498 726 1541 3523.

201 1565 329 1623 Pag.
353 1566 408 1609 87
439 1565 469 1606 l.
492 1566 556 1609 13.
616 1566 659 1606 A
688 1569 818 1618 μᾶλον
847 1565 1111 1608 descendere
1141 1565 1313 1608 videtur
1337 1565 1540 1617 Πῐαλόεις,

89 1632 315 1691 Apollinis
346 1633 461 1691 apud
491 1633 677 1675 Lesbios
708 1650 948 1692 cog-nomen
980 1643 1021 1676 et
1050 1633 1163 1688 loci,
1210 1634 1285 1675 uhi
1323 1636 1393 1677 hie
1431 1636 1542 1678 eele-

88 1700 316 1752 brabatur,
357 1702 591 1759 appellatio
622 1703 710 1744 vid.
746 1702 897 1760 Steph.
934 1703 1037 1759 Byz.
1070 1710 1112 1743 et
1139 1702 1341 1760 Thucyd.
1373 1704 1466 1757 Ill,
1497 1704 1540 1757 3,

89 1769 147 1810 cf.
189 1768 361 1817 Ma).6.‹9
398 1769 526 1824 χόρος
566 1770 595 1811 i.
630 1786 668 1812 e.
711 1771 898 1823 Λέσβιος
939 1771 1052 1828 apud
1094 1770 1405 1812 Callimachum
1453 1772 1539 1813 vid.

88 1836 144 1878 L.
168 1836 211 1878 ΙΙ
249 1836 290 1890 ξ.
319 1838 372 1879 21
416 1844 506 1879 not.
525 1838 567 1880 2.
645 1837 797 1881 Minus
829 1847 943 1880 recte
974 1838 1088 1896 apud
1117 1839 1388 1896 Hesychium
1417 1844 1541 1881 Moe).—

86 1903 196 1952 λόεις
225 1904 359 1946 scribi
388 1905 573 1946 videtur.

197 1999 251 2004 --
282 1972 314 2013 l.
345 1973 417 2014 25.
479 1972 659 2014 Rectius
698 1973 988 2027 βαλαιάφάγοι
1028 1974 1302 2016 scribendum
1335 1992 1430 2018 esse
1462 1993 1540 2020 nec

86 2039 230 2081 minus
270 2039 553 2093 πολεμάδοκος
591 2041 691 2083 Ale.
726 2042 751 2084 3
792 2057 906 2083 nuuc
949 2041 1246 2084 intelleximus
1289 2044 1376 2085 vid.
1409 2046 1464 2087 L.
1497 2047 1539 2087 ΙΙ

87 2106 129 2160 ξ.
164 2107 242 2158 19,
275 2107 314 2149 5.

202 2174 330 2231 Pag.
363 2175 418 2218 88
459 2175 490 2217 l.
526 2176 593 2219 10.
652 2176 781 2218 Nunc
813 2177 969 2231 ἔᾳαβος
997 2179 1161 2220 recenti
1192 2181 1538 2237 hyperaeolismo

85 2241 295 2300 scriptum
331 2250 557 2300 putamus,
603 2260 700 2286 nam
731 2262 785 2288 ex
811 2246 966 2288 Alcaei
998 2247 1310 2289 obscurissimo
1351 2248 1538 2290 frustulo

86 2310 199 2352 nihil
228 2310 421 2352 effeceris
451 2310 540 2352 vid.
571 2311 626 2352 L.
659 2312 679 2353 I
716 2312 759 2366 ξ.
793 2314 870 2363 19,
901 2315 943 2357 9.
976 2331 1017 2355 e.

201 2401 255 2406 —
283 2378 312 2420 l.
325 2378 395 2420 25.
457 2377 584 2419 Nune
614 2378 790 2429 ζάδαλος
818 2375 962 2424 verius
994 2398 1088 2423 esse
1120 2381 1415 2426 intelleximus
1446 2384 1533 2427 vid.

86 2445 141 2486 L.
172 2445 217 2486 ll
259 2447 301 2499 ξ.
335 2446 414 2497 19,
445 2445 486 2487 6.

197 2536 252 2543 —
293 2513 325 2554 l.
357 2513 426 2555 33.
489 2512 558 2554 De
596 2514 896 2571 hyperaeolico
937 2515 1062 2567 ἅμισυ
1092 2517 1179 2558 vid.
1213 2518 1267 2559 L.
1300 2519 1344 2561 II
1387 2520 1428 2573 ξ.
1464 2521 1533 2571 19,

84 2580 127 2621 9.
161 2594 211 2632 e,
255 2578 308 2620 de
339 2580 540 2634 ἑπάβολος
571 2581 677 2622 ibid.
709 2582 758 2632 5,
791 2583 822 2624 i.
901 2583 1045 2625 Simili
1087 2585 1213 2627 modo
1257 2591 1283 2626 ἆ
1321 2587 1534 2632 insertum

86 2654 150 2688 est
180 2647 225 2687 in
256 2646 471 2700 L'dayae'wsg
502 2649 631 2702 Del.,
664 2649 702 2690 si
730 2649 789 2692 ita
818 2658 934 2693 recte
965 2652 1212 2693 restitutum
1243 2662 1323 2695 est.

195 2713 325 2771 Pag.
358 2716 412 2757 89
455 2716 486 2757 l.
522 2716 588 2757 18.
662 2717 938 2776 vituperavit
975 2736 1054 2760 nos
1095 2721 1312 2777 Georgius
1354 2721 1532 2765 Curtius

84 2780 128 2822 in
174 2781 325 2825 libello
375 2782 436 2824 de
479 2783 753 2826 nominum
797 2785 1131 2829 Graecorum
1177 2789 1530 2845 formatione,
