1779 3079
427 159 470 219 §.
498 159 578 208 47.
651 158 725 205 De
765 155 991 202 universa
1021 150 1218 201 Doride.
1452 148 1552 197 399

103 302 224 338 vatus
264 300 355 347 cst,
409 292 546 335 multo
589 292 716 334 etiam
759 290 931 348 saepius
974 289 1088 348 apud
1127 288 1289 343 Eleos,
1342 284 1551 346 producto

102 369 218 405 certe
249 379 274 402 α
306 359 460 403 Lesbii
491 376 676 418 aequum
707 360 752 402 in
782 359 957 400 modum
986 364 1178 399 utuntur.

216 430 310 471 lloc
341 438 382 471 et
412 429 586 484 gravius
619 436 684 471 est
713 435 755 469 ct
784 426 944 469 certius
974 433 1174 483 apparet,
1214 424 1424 467 Doridem
1454 441 1553 483 prae

104 496 286 554 reliquis
319 495 514 538 dialectis
543 497 712 554 priscae
742 493 903 536 indolis
929 500 1121 534 tenacem
1143 493 1309 547 fuisse,
1340 493 1555 550 antiquio·

103 580 195 606 rem
226 564 346 607 illam
365 564 577 606 Doridem
607 563 792 605 maxime
824 562 1034 613 dicimus,
1067 560 1209 617 qualis
1235 569 1332 602 ante
1356 561 1554 618 quintum

102 633 194 674 fere
225 633 443 674 saeculum
474 631 674 687 vigebat,
715 630 969 689 priusquam
1007 627 1214 685 digammi
1252 643 1360 670 usus
1392 637 1556 686 pertur-

104 700 228 742 batus
268 707 382 741 essct
421 706 462 740 ct
501 699 615 756 apud
651 706 816 758 partem
844 697 1129 740 Doriensium
1160 695 1432 738 obsolescere
1463 712 1557 739 coe—

102 767 254 826 pisset.
316 766 425 808 Nam
457 766 569 808 inter
600 783 673 822 ca,
715 766 875 825 quibus
907 765 1107 806 universa
1138 763 1270 805 Doris
1304 764 1356 805 ab
1386 764 1488 806 lade
1518 774 1559 806 et

103 834 283 877 Atthide
327 833 637 891 distinguitur,
696 835 786 877 sive
831 849 878 875 ea
918 832 1134 875 Aeolibus
1174 831 1419 874 communia
1460 840 1560 874 sunt

106 903 197 945 sive
227 902 421 944 Doribus
453 902 652 959 propria,
689 903 895 960 pleraque
926 916 1134 943 summam
1164 899 1463 957 antiquitatem
1495 917 1559 942 re·

105 970 277 1024 dolent,
311 969 572 1027 paucissima
601 978 726 1024 sunt,
769 985 877 1027 quae
908 969 1055 1026 paullo
1086 968 1344 1011 recentioris
1374 969 1561 1026 orig-inis

104 1038 230 1096 argui
270 1037 470 1095 possint,
527 1045 574 1078 ut
614 1053 854 1094 pronomen
896 1036 1095 1077 αὐταυτοῦ
1132 1044 1174 1077 ct
1205 1036 1386 1078 verbum
1426 1038 1557 1090 ἴσαμι.

105 1106 214 1149 Eam
260 1105 305 1147 in
352 1105 493 1163 prisca
534 1104 681 1147 indole
723 1104 930 1146 servanda
975 1104 1259 1146 constantiam
1303 1105 1561 1160 laudabunt,

107 1173 184 1231 qui
213 1174 397 1230 probant
428 1172 792 1230 perseverantiam
822 1173 868 1214 in
899 1171 1090 1230 antiquis
1115 1172 1338 1223 moribus,
1369 1173 1560 1230 legibus,

107 1240 344 1294 institutis,
377 1240 539 1297 quique
562 1247 787 1298 reputant,
819 1256 990 1299 quaque
1018 1240 1196 1296 linguae
1218 1241 1455 1284 mutatione
1486 1242 1562 1284 ali-

108 1308 214 1367 quid
243 1308 406 1350 aurem-i
437 1309 577 1350 solere
606 1325 628 1350 c
662 1308 808 1351 divino
839 1309 916 1351 illo
947 1307 1141 1350 omnium
1180 1309 1394 1366 partium,
1436 1310 1563 1369 quasi

105 1377 301 1433 corporis
331 1376 647 1429 membrorum,
680 1392 922 1431 consensu,
957 1376 1033 1435 qui
1063 1392 1114 1419 co
1143 1376 1362 1433 insignior
1391 1377 1564 1435 conspi—

107 1444 248 1498 citur,
294 1460 381 1502 quo
421 1444 709 1501 antiquiorem
741 1452 814 1486 aut
843 1445 1046 1502 antiquae
1077 1445 1344 1487 conditionis
1375 1446 1565 1488 tenacio-

106 1528 199 1554 rem
239 1512 436 1570 linguam
481 1512 839 1570 contemplamur.
910 1512 1253 1570 Vituperabunt,
1301 1514 1378 1570 qui
1424 1522 1566 1556 amant

107 1579 389 1622 mobilitatem
421 1579 634 1637 quandam
664 1579 855 1635 ingenii,
889 1588 935 1622 ut
965 1580 1060 1638 ipse
1089 1580 1282 1623 Jacobus
1307 1581 1564 1636 Grimmius,

52 1666 53 1700 ᾗ
107 1656 297 1690 ceterum
329 1647 599 1704 antiquitatis
629 1647 807 1690 minime
837 1656 1130 1706 contemptor,
1163 1648 1423 1691 Germaniae
1453 1649 1564 1692 infe-

49 1732 55 1763 χ
107 1715 236 1757 rioris
267 1715 445 1771 liuguae
472 1714 517 1755 id
547 1714 654 1756 vitio
684 1715 835 1765 vertit,
869 1716 985 1773 quod
1006 1716 1297 1759 memorabilis
1319 1716 1443 1759 illius
1465 1733 1565 1759 con-

53 1785 55 1812 3
110 1799 312 1825 sonarum
343 1788 556 1823 mutarum
586 1782 863 1837 mutationis,
912 1800 1023 1841 quae
1060 1799 1083 1824 a
1120 1783 1358 1842 superioris
1389 1785 1565 1828 Germa-

109 1851 208 1892 niae
240 1849 460 1900 dialectis,
502 1866 652 1907 parum
681 1858 824 1892 tamen
857 1859 1127 1906 constanter,
1170 1853 1319 1894 effecta
1350 1861 1439 1905 est,
1478 1869 1565 1895 non

109 1917 324 1975 particeps
368 1917 466 1959 fuit.
543 1916 636 1959 Nos
674 1918 862 1976 primum
901 1919 1170 1978 antiquitatis
1200 1920 1565 1977 praedicationem

47 1984 52 1993 ’
108 1985 349 2042 paullulum
397 1984 743 2043 restringendam
795 2002 889 2028 esse
946 1988 1215 2030 arbitramur.
1304 1988 1565 2032 Necessario

47 2048 58 2113 '3
110 2052 223 2094 enim
265 2053 343 2105 fit,
393 2060 442 2094 ut
481 2068 529 2094 ca
572 2069 682 2111 quae
721 2055 864 2097 omnia
901 2055 1083 2098 Doridis
1124 2072 1282 2114 genera
1321 2058 1566 2099 communia

0 2140 4 2147 ·
54 2120 56 2124 ’
111 2119 296 2167 habent,
329 2119 572 2178 antiquiore
601 2122 746 2178 specie
763 2130 964 2178 utantur,
997 2124 1140 2166 solent
1170 2124 1285 2167 enim
1319 2133 1360 2166 ct
1389 2125 1566 2182 linguae

112 2194 320 2245 cognatae
350 2193 392 2229 et
420 2188 562 2230 variae
593 2189 767 2232 dialecti
797 2200 839 2233 et
870 2191 1067 2247 ejusdem
1108 2192 1283 2234 dialecti
1321 2208 1480 2248 genera
1519 2192 1564 2233 in

113 2255 170 2298 iis
209 2254 484 2311 conspirare,
531 2272 640 2313 quac
683 2258 858 2317 antiqua
903 2267 1031 2313 sunt,
1076 2276 1173 2302 raro
1212 2275 1294 2301 nec
1336 2259 1423 2300 nisi
1462 2275 1565 2301 casu

113 2323 298 2381 quodam
327 2322 375 2364 in
404 2323 489 2376 iis,
536 2340 646 2381 quae
683 2326 900 2368 recentius
930 2334 1106 2370 mutata.
1181 2327 1242 2368 At
1272 2326 1446 2384 singula
1476 2327 1566 2369 Do-

114 2389 222 2432 ridis
256 2405 415 2448 genera
444 2406 540 2433 raro
572 2392 814 2451 antiquiora
845 2395 1081 2453 praebent,
1129 2395 1264 2436 multo
1294 2395 1467 2452 saepius
1498 2410 1562 2446 ea,

113 2473 223 2514 quae
252 2457 491 2500 recentiore
523 2466 657 2501 aetate
687 2462 951 2504 conformata
993 2478 1088 2504 esse
1127 2469 1342 2520 appareat.
1413 2462 1471 2503 Et
1510 2478 1564 2504 ne

113 2524 287 2581 linguae
335 2541 589 2583 morumque
640 2530 922 2572 constantiam
976 2530 1374 2585 conjunctissimam
1428 2529 1564 2572 fuisse

115 2591 398 2646 arbitremur,
443 2593 670 2649 Lacones,
716 2597 792 2653 qui
827 2598 961 2656 prisci
1001 2597 1170 2656 ingenii
1199 2597 1351 2640 Dorici
1381 2597 1563 2640 tenacis-

56 2712 58 2714 ·
117 2658 213 2700 simi
243 2659 381 2702 fuisse
410 2668 640 2718 putantur,
687 2670 782 2706 ante
818 2673 1016 2722 quartum
1058 2666 1299 2717 saeculum,
1344 2681 1429 2724 quo
1459 2673 1563 2708 tem-

117 2741 220 2784 pore
250 2734 291 2769 et
321 2729 497 2787 antiqua
527 2730 723 2773 instituta
764 2732 969 2790 vigebant
1009 2741 1050 2776 et
1078 2733 1273 2776 Atticum
1314 2733 1564 2792 contagium
