<?xml version="1.0" encoding="UTF-8"?>
<!DOCTYPE html PUBLIC "-//W3C//DTD XHTML 1.0 Transitional//EN"
    "http://www.w3.org/TR/xhtml1/DTD/xhtml1-transitional.dtd">
<html xmlns="http://www.w3.org/1999/xhtml" xml:lang="en" lang="en">
 <head>
  <title>
</title>
<meta http-equiv="Content-Type" content="text/html;charset=utf-8" />
  <meta name='ocr-system' content='tesseract 3.04.00' />
  <meta name='ocr-capabilities' content='ocr_page ocr_carea ocr_par ocr_line ocrx_word'/>
</head>
<body>
  <div class='ocr_page' id='page_1' title='image "./degraecaelinguae01ahreuoft_0703.png"; bbox 0 0 1779 3079; ppageno 0'>
   <div class='ocr_carea' id='block_1_1' title="bbox 0 0 87 3079">
    <p class='ocr_par' dir='ltr' id='par_1_1' title="bbox 0 0 87 3079">
     <span class='ocr_line' id='line_1_1' title="bbox 0 0 87 3079; baseline 0 0"><span class='ocrx_word' id='word_1_1' title='bbox 0 0 87 3079; x_wconf 95' lang='lat' dir='ltr'> </span> 
     </span>
    </p>
   </div>
   <div class='ocr_carea' id='block_1_2' title="bbox 439 150 1552 216">
    <p class='ocr_par' dir='ltr' id='par_1_2' title="bbox 439 150 1552 216">
     <span class='ocr_line' id='line_1_2' title="bbox 439 150 1552 216; baseline -0.003 -14"><span class='ocrx_word' id='word_1_2' title='bbox 439 155 482 214; x_wconf 80' lang='lat'>§.</span> <span class='ocrx_word' id='word_1_3' title='bbox 514 155 592 205; x_wconf 78' lang='lat'>45.</span> <span class='ocrx_word' id='word_1_4' title='bbox 642 156 716 202; x_wconf 87' lang='lat' dir='ltr'>De</span> <span class='ocrx_word' id='word_1_5' title='bbox 748 153 900 201; x_wconf 77' lang='lat' dir='ltr'>variis</span> <span class='ocrx_word' id='word_1_6' title='bbox 935 150 1200 216; x_wconf 78' lang='lat' dir='ltr'><strong>particulis,</strong></span> <span class='ocrx_word' id='word_1_7' title='bbox 1451 150 1552 200; x_wconf 81' lang='lat'>379</span> 
     </span>
    </p>
   </div>
   <div class='ocr_carea' id='block_1_3' title="bbox 100 286 1562 1360">
    <p class='ocr_par' dir='ltr' id='par_1_3' title="bbox 100 286 1554 539">
     <span class='ocr_line' id='line_1_3' title="bbox 213 286 1550 346; baseline -0.006 -9"><span class='ocrx_word' id='word_1_8' title='bbox 213 297 256 343; x_wconf 88' lang='lat' dir='ltr'>c)</span> <span class='ocrx_word' id='word_1_9' title='bbox 316 293 427 335; x_wconf 73' lang='grc' dir='ltr'><em>αἰέν</em></span> <span class='ocrx_word' id='word_1_10' title='bbox 469 293 681 335; x_wconf 81' lang='lat' dir='ltr'>Doricum</span> <span class='ocrx_word' id='word_1_11' title='bbox 723 289 885 332; x_wconf 83' lang='lat' dir='ltr'>dicitur</span> <span class='ocrx_word' id='word_1_12' title='bbox 916 290 950 340; x_wconf 90' lang='lat'>¹)</span> <span class='ocrx_word' id='word_1_13' title='bbox 995 296 1038 330; x_wconf 83' lang='lat' dir='ltr'>et</span> <span class='ocrx_word' id='word_1_14' title='bbox 1079 287 1242 346; x_wconf 80' lang='lat' dir='ltr'>legitur</span> <span class='ocrx_word' id='word_1_15' title='bbox 1282 286 1440 344; x_wconf 82' lang='lat' dir='ltr'>Sophr.</span> <span class='ocrx_word' id='word_1_16' title='bbox 1481 286 1550 329; x_wconf 83' lang='lat'>80.</span> 
     </span>
     <span class='ocr_line' id='line_1_4' title="bbox 102 354 1554 416; baseline -0.007 -11"><span class='ocrx_word' id='word_1_17' title='bbox 102 362 232 416; x_wconf 83' lang='lat' dir='ltr'>Quod</span> <span class='ocrx_word' id='word_1_18' title='bbox 260 360 515 404; x_wconf 87' lang='lat' dir='ltr'>nominatim</span> <span class='ocrx_word' id='word_1_19' title='bbox 545 358 725 416; x_wconf 77' lang='lat' dir='ltr'>Argivis</span> <span class='ocrx_word' id='word_1_20' title='bbox 755 357 962 399; x_wconf 79' lang='lat' dir='ltr'>tribuitur</span> <span class='ocrx_word' id='word_1_21' title='bbox 991 364 1033 398; x_wconf 82' lang='lat' dir='ltr'>et</span> <span class='ocrx_word' id='word_1_22' title='bbox 1064 356 1266 398; x_wconf 84' lang='lat' dir='ltr'>Cretibus</span> <span class='ocrx_word' id='word_1_23' title='bbox 1297 354 1407 410; x_wconf 90' lang='lat' dir='ltr'>(vid.</span> <span class='ocrx_word' id='word_1_24' title='bbox 1431 354 1473 407; x_wconf 65' lang='grc' dir='ltr'>ξ.</span> <span class='ocrx_word' id='word_1_25' title='bbox 1500 354 1554 395; x_wconf 87' lang='grc'>14</span> 
     </span>
     <span class='ocr_line' id='line_1_5' title="bbox 100 422 1554 483; baseline -0.006 -12"><span class='ocrx_word' id='word_1_26' title='bbox 100 437 192 472; x_wconf 86' lang='lat' dir='ltr'>not.</span> <span class='ocrx_word' id='word_1_27' title='bbox 227 430 295 483; x_wconf 87' lang='grc'>1),</span> <span class='ocrx_word' id='word_1_28' title='bbox 343 445 430 472; x_wconf 91' lang='lat' dir='ltr'>non</span> <span class='ocrx_word' id='word_1_29' title='bbox 471 429 653 471; x_wconf 86' lang='lat' dir='ltr'>multum</span> <span class='ocrx_word' id='word_1_30' title='bbox 686 425 788 467; x_wconf 83' lang='lat' dir='ltr'>fidei</span> <span class='ocrx_word' id='word_1_31' title='bbox 827 424 954 466; x_wconf 83' lang='lat' dir='ltr'>habet</span> <span class='ocrx_word' id='word_1_32' title='bbox 992 431 1215 481; x_wconf 79' lang='lat' dir='ltr'>propterea</span> <span class='ocrx_word' id='word_1_33' title='bbox 1247 422 1363 481; x_wconf 87' lang='lat' dir='ltr'>quod</span> <span class='ocrx_word' id='word_1_34' title='bbox 1391 422 1554 465; x_wconf 82' lang='lat' dir='ltr'>vocalis</span> 
     </span>
     <span class='ocr_line' id='line_1_6' title="bbox 104 491 1422 539; baseline -0.008 1"><span class='ocrx_word' id='word_1_35' title='bbox 104 515 120 539; x_wconf 80' lang='grc' dir='ltr'><em>ι</em></span> <span class='ocrx_word' id='word_1_36' title='bbox 148 498 194 539; x_wconf 83' lang='grc' dir='ltr'>ἰιι</span> <span class='ocrx_word' id='word_1_37' title='bbox 225 516 248 539; x_wconf 86' lang='grc' dir='ltr'><em>ν</em></span> <span class='ocrx_word' id='word_1_38' title='bbox 277 497 456 539; x_wconf 85' lang='lat' dir='ltr'>mutatio</span> <span class='ocrx_word' id='word_1_39' title='bbox 487 496 663 538; x_wconf 89' lang='lat' dir='ltr'>omnino</span> <span class='ocrx_word' id='word_1_40' title='bbox 694 494 747 535; x_wconf 85' lang='lat' dir='ltr'>ad</span> <span class='ocrx_word' id='word_1_41' title='bbox 776 493 875 534; x_wconf 82' lang='lat' dir='ltr'>illas</span> <span class='ocrx_word' id='word_1_42' title='bbox 905 491 1112 533; x_wconf 83' lang='lat' dir='ltr'>dialectos</span> <span class='ocrx_word' id='word_1_43' title='bbox 1142 491 1422 532; x_wconf 80' lang='lat' dir='ltr'><strong>referebatur.</strong></span> 
     </span>
    </p>

    <p class='ocr_par' dir='ltr' id='par_1_4' title="bbox 100 557 1553 690">
     <span class='ocr_line' id='line_1_7' title="bbox 216 557 1553 621; baseline -0.007 -14"><span class='ocrx_word' id='word_1_44' title='bbox 216 564 265 621; x_wconf 87' lang='lat' dir='ltr'>d)</span> <span class='ocrx_word' id='word_1_45' title='bbox 325 565 411 606; x_wconf 75' lang='grc' dir='ltr'>ἀέν</span> <span class='ocrx_word' id='word_1_46' title='bbox 439 571 481 605; x_wconf 84' lang='lat' dir='ltr'>et</span> <span class='ocrx_word' id='word_1_47' title='bbox 509 563 720 604; x_wconf 84' lang='lat' dir='ltr'>Doricum</span> <span class='ocrx_word' id='word_1_48' title='bbox 752 560 910 602; x_wconf 81' lang='lat' dir='ltr'>dieitur</span> <span class='ocrx_word' id='word_1_49' title='bbox 931 562 965 610; x_wconf 88' lang='grc'>1)</span> <span class='ocrx_word' id='word_1_50' title='bbox 997 565 1039 600; x_wconf 84' lang='lat' dir='ltr'>et</span> <span class='ocrx_word' id='word_1_51' title='bbox 1067 558 1253 615; x_wconf 74' lang='lat' dir='ltr'>legitur,</span> <span class='ocrx_word' id='word_1_52' title='bbox 1292 558 1379 599; x_wconf 85' lang='lat' dir='ltr'>nisi</span> <span class='ocrx_word' id='word_1_53' title='bbox 1409 557 1553 607; x_wconf 84' lang='lat' dir='ltr'>fallor,</span> 
     </span>
     <span class='ocr_line' id='line_1_8' title="bbox 100 626 1208 690; baseline -0.008 -14"><span class='ocrx_word' id='word_1_54' title='bbox 100 633 147 675; x_wconf 82' lang='lat' dir='ltr'>in</span> <span class='ocrx_word' id='word_1_55' title='bbox 177 634 304 675; x_wconf 84' lang='lat' dir='ltr'>titulo</span> <span class='ocrx_word' id='word_1_56' title='bbox 336 633 608 690; x_wconf 77' lang='lat' dir='ltr'>Syracusano</span> <span class='ocrx_word' id='word_1_57' title='bbox 642 630 923 671; x_wconf 85' lang='lat' dir='ltr'>Torremuzz.</span> <span class='ocrx_word' id='word_1_58' title='bbox 953 626 1133 675; x_wconf 89' lang='lat' dir='ltr'>XVIII,</span> <span class='ocrx_word' id='word_1_59' title='bbox 1167 626 1208 668; x_wconf 84' lang='lat'>3.</span> 
     </span>
    </p>

    <p class='ocr_par' dir='ltr' id='par_1_5' title="bbox 101 693 1558 826">
     <span class='ocr_line' id='line_1_9' title="bbox 215 693 1558 752; baseline -0.005 -11"><span class='ocrx_word' id='word_1_60' title='bbox 215 704 256 752; x_wconf 89' lang='lat' dir='ltr'>e)</span> <span class='ocrx_word' id='word_1_61' title='bbox 316 701 430 747; x_wconf 76' lang='grc' dir='ltr'>αἰές</span> <span class='ocrx_word' id='word_1_62' title='bbox 466 697 735 740; x_wconf 82' lang='lat' dir='ltr'>Laconicum</span> <span class='ocrx_word' id='word_1_63' title='bbox 776 704 818 738; x_wconf 89' lang='lat' dir='ltr'>et</span> <span class='ocrx_word' id='word_1_64' title='bbox 851 696 1070 738; x_wconf 86' lang='lat' dir='ltr'>Creticum</span> <span class='ocrx_word' id='word_1_65' title='bbox 1111 709 1206 736; x_wconf 87' lang='lat' dir='ltr'>esse</span> <span class='ocrx_word' id='word_1_66' title='bbox 1236 693 1419 735; x_wconf 79' lang='lat' dir='ltr'>traditur</span> <span class='ocrx_word' id='word_1_67' title='bbox 1440 694 1475 746; x_wconf 90' lang='lat'>¹)</span> <span class='ocrx_word' id='word_1_68' title='bbox 1516 701 1558 735; x_wconf 85' lang='lat' dir='ltr'>et</span> 
     </span>
     <span class='ocr_line' id='line_1_10' title="bbox 101 765 638 826; baseline -0.006 -16"><span class='ocrx_word' id='word_1_69' title='bbox 101 768 263 826; x_wconf 79' lang='lat' dir='ltr'>legitur</span> <span class='ocrx_word' id='word_1_70' title='bbox 291 768 480 825; x_wconf 77' lang='lat' dir='ltr'>Lysistr.</span> <span class='ocrx_word' id='word_1_71' title='bbox 515 765 638 808; x_wconf 73' lang='lat'>1267.</span> 
     </span>
    </p>

    <p class='ocr_par' dir='ltr' id='par_1_6' title="bbox 104 828 1559 959">
     <span class='ocr_line' id='line_1_11' title="bbox 216 828 1559 893; baseline -0.005 -16"><span class='ocrx_word' id='word_1_72' title='bbox 216 836 264 888; x_wconf 84' lang='lat' dir='ltr'>f)</span> <span class='ocrx_word' id='word_1_73' title='bbox 323 835 436 884; x_wconf 78' lang='grc' dir='ltr'>ἆές,</span> <span class='ocrx_word' id='word_1_74' title='bbox 468 833 587 893; x_wconf 88' lang='lat' dir='ltr'>quod</span> <span class='ocrx_word' id='word_1_75' title='bbox 612 832 823 875; x_wconf 88' lang='lat' dir='ltr'>Doricum</span> <span class='ocrx_word' id='word_1_76' title='bbox 855 832 1014 874; x_wconf 85' lang='lat' dir='ltr'>dicitur</span> <span class='ocrx_word' id='word_1_77' title='bbox 1035 831 1097 883; x_wconf 75' lang='grc'>1),</span> <span class='ocrx_word' id='word_1_78' title='bbox 1126 828 1289 886; x_wconf 78' lang='lat' dir='ltr'>legitur</span> <span class='ocrx_word' id='word_1_79' title='bbox 1319 828 1366 870; x_wconf 90' lang='lat' dir='ltr'>in</span> <span class='ocrx_word' id='word_1_80' title='bbox 1396 829 1559 871; x_wconf 86' lang='lat' dir='ltr'>tabulis</span> 
     </span>
     <span class='ocr_line' id='line_1_12' title="bbox 104 896 1328 959; baseline -0.007 -13"><span class='ocrx_word' id='word_1_81' title='bbox 104 903 500 956; x_wconf 83' lang='lat' dir='ltr'>Heracleensibus,</span> <span class='ocrx_word' id='word_1_82' title='bbox 532 902 608 943; x_wconf 86' lang='lat' dir='ltr'>ubi</span> <span class='ocrx_word' id='word_1_83' title='bbox 640 908 858 959; x_wconf 84' lang='lat' dir='ltr'>praeterea</span> <span class='ocrx_word' id='word_1_84' title='bbox 891 899 978 954; x_wconf 75' lang='grc' dir='ltr'>ἀεί,</span> <span class='ocrx_word' id='word_1_85' title='bbox 1015 898 1148 940; x_wconf 86' lang='lat' dir='ltr'>semel</span> <span class='ocrx_word' id='word_1_86' title='bbox 1178 898 1225 951; x_wconf 84' lang='grc' dir='ltr'>Ι,</span> <span class='ocrx_word' id='word_1_87' title='bbox 1258 896 1328 940; x_wconf 81' lang='grc'>86.</span> 
     </span>
    </p>

    <p class='ocr_par' dir='ltr' id='par_1_7' title="bbox 102 965 1559 1089">
     <span class='ocr_line' id='line_1_13' title="bbox 217 965 1559 1030; baseline -0.006 -17"><span class='ocrx_word' id='word_1_88' title='bbox 217 974 263 1030; x_wconf 76' lang='lat' dir='ltr'>g)</span> <span class='ocrx_word' id='word_1_89' title='bbox 323 972 408 1012; x_wconf 77' lang='grc' dir='ltr'>αἰέ</span> <span class='ocrx_word' id='word_1_90' title='bbox 443 970 696 1012; x_wconf 84' lang='lat' dir='ltr'>Laconibus</span> <span class='ocrx_word' id='word_1_91' title='bbox 734 967 868 1009; x_wconf 78' lang='lat' dir='ltr'>tribui</span> <span class='ocrx_word' id='word_1_92' title='bbox 907 966 1080 1009; x_wconf 81' lang='lat' dir='ltr'>videtur</span> <span class='ocrx_word' id='word_1_93' title='bbox 1119 982 1142 1008; x_wconf 85' lang='lat' dir='ltr'>a</span> <span class='ocrx_word' id='word_1_94' title='bbox 1171 965 1455 1022; x_wconf 80' lang='lat' dir='ltr'>Theognosto</span> <span class='ocrx_word' id='word_1_95' title='bbox 1494 980 1559 1006; x_wconf 84' lang='lat' dir='ltr'>sc-</span> 
     </span>
     <span class='ocr_line' id='line_1_14' title="bbox 102 1036 690 1089; baseline -0.005 -9"><span class='ocrx_word' id='word_1_96' title='bbox 102 1039 290 1081; x_wconf 87' lang='lat' dir='ltr'>cundum</span> <span class='ocrx_word' id='word_1_97' title='bbox 320 1038 617 1080; x_wconf 85' lang='lat' dir='ltr'>Herodianum</span> <span class='ocrx_word' id='word_1_98' title='bbox 641 1036 690 1089; x_wconf 89' lang='lat'>¹).</span> 
     </span>
    </p>

    <p class='ocr_par' dir='ltr' id='par_1_8' title="bbox 104 1100 1562 1296">
     <span class='ocr_line' id='line_1_15' title="bbox 216 1100 1561 1163; baseline -0.004 -15"><span class='ocrx_word' id='word_1_99' title='bbox 216 1108 262 1158; x_wconf 88' lang='lat' dir='ltr'>h)</span> <span class='ocrx_word' id='word_1_100' title='bbox 322 1106 402 1161; x_wconf 80' lang='grc' dir='ltr'>ἇέ,</span> <span class='ocrx_word' id='word_1_101' title='bbox 443 1105 560 1163; x_wconf 87' lang='lat' dir='ltr'>quod</span> <span class='ocrx_word' id='word_1_102' title='bbox 591 1111 656 1146; x_wconf 83' lang='lat' dir='ltr'>est</span> <span class='ocrx_word' id='word_1_103' title='bbox 685 1102 800 1161; x_wconf 88' lang='lat' dir='ltr'>apud</span> <span class='ocrx_word' id='word_1_104' title='bbox 829 1100 1067 1143; x_wconf 83' lang='lat' dir='ltr'><strong>Pindarum</strong></span> <span class='ocrx_word' id='word_1_105' title='bbox 1097 1101 1191 1151; x_wconf 88' lang='lat' dir='ltr'>IX,</span> <span class='ocrx_word' id='word_1_106' title='bbox 1225 1102 1308 1154; x_wconf 85' lang='grc'>88,</span> <span class='ocrx_word' id='word_1_107' title='bbox 1348 1100 1561 1142; x_wconf 82' lang='lat' dir='ltr'>Doricum</span> 
     </span>
     <span class='ocr_line' id='line_1_16' title="bbox 104 1168 1562 1231; baseline -0.005 -14"><span class='ocrx_word' id='word_1_108' title='bbox 104 1175 254 1217; x_wconf 84' lang='lat' dir='ltr'>haberi</span> <span class='ocrx_word' id='word_1_109' title='bbox 283 1181 449 1231; x_wconf 81' lang='lat' dir='ltr'>potest,</span> <span class='ocrx_word' id='word_1_110' title='bbox 493 1173 532 1214; x_wconf 85' lang='lat' dir='ltr'>si</span> <span class='ocrx_word' id='word_1_111' title='bbox 562 1170 913 1230; x_wconf 84' lang='lat' dir='ltr'>praecedentium</span> <span class='ocrx_word' id='word_1_112' title='bbox 943 1168 1185 1226; x_wconf 77' lang='lat' dir='ltr'>analogiam</span> <span class='ocrx_word' id='word_1_113' title='bbox 1217 1175 1411 1228; x_wconf 76' lang='lat' dir='ltr'>spectas,</span> <span class='ocrx_word' id='word_1_114' title='bbox 1452 1184 1562 1227; x_wconf 81' lang='lat' dir='ltr'>quae</span> 
     </span>
     <span class='ocr_line' id='line_1_17' title="bbox 106 1239 871 1296; baseline -0.008 -12"><span class='ocrx_word' id='word_1_115' title='bbox 106 1261 121 1284; x_wconf 89' lang='grc' dir='ltr'><em>ι</em></span> <span class='ocrx_word' id='word_1_116' title='bbox 149 1242 277 1284; x_wconf 89' lang='lat' dir='ltr'>modo</span> <span class='ocrx_word' id='word_1_117' title='bbox 307 1248 458 1283; x_wconf 85' lang='lat' dir='ltr'>tenent</span> <span class='ocrx_word' id='word_1_118' title='bbox 486 1240 614 1282; x_wconf 88' lang='lat' dir='ltr'>modo</span> <span class='ocrx_word' id='word_1_119' title='bbox 645 1239 871 1296; x_wconf 84' lang='lat' dir='ltr'>abjiciunt.</span> 
     </span>
    </p>

    <p class='ocr_par' dir='ltr' id='par_1_9' title="bbox 217 1303 1037 1360">
     <span class='ocr_line' id='line_1_18' title="bbox 217 1303 1037 1360; baseline -0.007 -9"><span class='ocrx_word' id='word_1_120' title='bbox 217 1309 251 1360; x_wconf 90' lang='lat' dir='ltr'>i)</span> <span class='ocrx_word' id='word_1_121' title='bbox 311 1308 399 1359; x_wconf 82' lang='grc' dir='ltr'>αἰή</span> <span class='ocrx_word' id='word_1_122' title='bbox 434 1307 689 1351; x_wconf 80' lang='lat' dir='ltr'><strong>Tarentinis</strong></span> <span class='ocrx_word' id='word_1_123' title='bbox 720 1306 962 1349; x_wconf 84' lang='lat' dir='ltr'>vindicatur</span> <span class='ocrx_word' id='word_1_124' title='bbox 985 1303 1037 1359; x_wconf 88' lang='lat'>¹).</span> 
     </span>
    </p>
   </div>
   <div class='ocr_carea' id='block_1_4' title="bbox 107 1534 1566 1870">
    <p class='ocr_par' dir='ltr' id='par_1_10' title="bbox 107 1534 1566 1870">
     <span class='ocr_line' id='line_1_19' title="bbox 152 1534 1563 1584; baseline 0.002 -14"><span class='ocrx_word' id='word_1_125' title='bbox 152 1538 188 1578; x_wconf 91' lang='lat' dir='ltr'>l)</span> <span class='ocrx_word' id='word_1_126' title='bbox 236 1538 333 1571; x_wconf 78' lang='lat' dir='ltr'>Arm.</span> <span class='ocrx_word' id='word_1_127' title='bbox 360 1537 461 1573; x_wconf 80' lang='lat' dir='ltr'><strong>Oxx.</strong></span> <span class='ocrx_word' id='word_1_128' title='bbox 490 1537 530 1581; x_wconf 90' lang='lat' dir='ltr'>I,</span> <span class='ocrx_word' id='word_1_129' title='bbox 557 1540 622 1580; x_wconf 85' lang='lat'>71,</span> <span class='ocrx_word' id='word_1_130' title='bbox 651 1539 706 1572; x_wconf 78' lang='lat' dir='ltr'>IS.</span> <span class='ocrx_word' id='word_1_131' title='bbox 757 1535 911 1584; x_wconf 81' lang='grc' dir='ltr'><em>Δωρικὸν</em></span> <span class='ocrx_word' id='word_1_132' title='bbox 947 1534 1021 1575; x_wconf 79' lang='grc' dir='ltr'>ἀὲς</span> <span class='ocrx_word' id='word_1_133' title='bbox 1054 1538 1110 1569; x_wconf 82' lang='grc' dir='ltr'>καὶ</span> <span class='ocrx_word' id='word_1_134' title='bbox 1141 1534 1229 1569; x_wconf 81' lang='grc' dir='ltr'><em>ἀέν·</em></span> <span class='ocrx_word' id='word_1_135' title='bbox 1266 1536 1357 1570; x_wconf 78' lang='grc' dir='ltr'><em>ἴσασι</em></span> <span class='ocrx_word' id='word_1_136' title='bbox 1383 1538 1418 1570; x_wconf 81' lang='grc' dir='ltr'>δὲ</span> <span class='ocrx_word' id='word_1_137' title='bbox 1443 1538 1500 1570; x_wconf 86' lang='grc' dir='ltr'>καὶ</span> <span class='ocrx_word' id='word_1_138' title='bbox 1523 1538 1563 1573; x_wconf 86' lang='grc' dir='ltr'>τὸ</span> 
     </span>
     <span class='ocr_line' id='line_1_20' title="bbox 107 1589 1561 1642; baseline 0.001 -15"><span class='ocrx_word' id='word_1_139' title='bbox 107 1593 207 1630; x_wconf 80' lang='grc' dir='ltr'><em>αἰέν.</em></span> <span class='ocrx_word' id='word_1_140' title='bbox 238 1615 280 1620; x_wconf 88' lang='grc'>-</span> <span class='ocrx_word' id='word_1_141' title='bbox 328 1595 528 1632; x_wconf 79' lang='lat' dir='ltr'>Herodian.</span> <span class='ocrx_word' id='word_1_142' title='bbox 558 1608 596 1629; x_wconf 87' lang='grc' dir='ltr'>π.</span> <span class='ocrx_word' id='word_1_143' title='bbox 624 1610 659 1635; x_wconf 82' lang='grc' dir='ltr'>μ.</span> <span class='ocrx_word' id='word_1_144' title='bbox 685 1597 713 1629; x_wconf 82' lang='grc' dir='ltr'>λ,</span> <span class='ocrx_word' id='word_1_145' title='bbox 740 1596 799 1637; x_wconf 80' lang='lat'>46,</span> <span class='ocrx_word' id='word_1_146' title='bbox 828 1598 855 1629; x_wconf 95' lang='lat' dir='ltr'>l.</span> <span class='ocrx_word' id='word_1_147' title='bbox 906 1594 1000 1627; x_wconf 76' lang='grc' dir='ltr'><em>αἰὲν</em></span> <span class='ocrx_word' id='word_1_148' title='bbox 1024 1593 1123 1640; x_wconf 64' lang='grc' dir='ltr'>παρὰ</span> <span class='ocrx_word' id='word_1_149' title='bbox 1148 1594 1353 1638; x_wconf 72' lang='grc' dir='ltr'><em>Δωριεῦσιν,</em></span> <span class='ocrx_word' id='word_1_150' title='bbox 1380 1589 1450 1628; x_wconf 76' lang='grc' dir='ltr'><em>αῗνν</em></span> <span class='ocrx_word' id='word_1_151' title='bbox 1472 1593 1561 1642; x_wconf 75' lang='grc' dir='ltr'><em>παρ’</em></span> 
     </span>
     <span class='ocr_line' id='line_1_21' title="bbox 107 1646 1565 1696; baseline 0.001 -11"><span class='ocrx_word' id='word_1_152' title='bbox 107 1651 287 1685; x_wconf 74' lang='grc' dir='ltr'><em>Αἰολεῦσι·</em></span> <span class='ocrx_word' id='word_1_153' title='bbox 326 1653 460 1694; x_wconf 68' lang='grc' dir='ltr'><em>λέγεται</em></span> <span class='ocrx_word' id='word_1_154' title='bbox 481 1655 598 1685; x_wconf 78' lang='grc' dir='ltr'><em>ταῦτα</em></span> <span class='ocrx_word' id='word_1_155' title='bbox 632 1654 719 1696; x_wconf 81' lang='grc' dir='ltr'>(καὶ)</span> <span class='ocrx_word' id='word_1_156' title='bbox 753 1652 833 1686; x_wconf 69' lang='grc' dir='ltr'>ἄνευ</span> <span class='ocrx_word' id='word_1_157' title='bbox 868 1655 930 1685; x_wconf 81' lang='grc' dir='ltr'>τοῦ</span> <span class='ocrx_word' id='word_1_158' title='bbox 961 1655 982 1686; x_wconf 59' lang='grc' dir='ltr'><em>ᾗ</em></span> <span class='ocrx_word' id='word_1_159' title='bbox 1017 1652 1041 1686; x_wconf 91' lang='lat' dir='ltr'>i.</span> <span class='ocrx_word' id='word_1_160' title='bbox 1070 1663 1101 1685; x_wconf 90' lang='lat' dir='ltr'>e.</span> <span class='ocrx_word' id='word_1_161' title='bbox 1137 1651 1203 1684; x_wconf 77' lang='grc' dir='ltr'>αἰέ</span> <span class='ocrx_word' id='word_1_162' title='bbox 1228 1659 1264 1685; x_wconf 88' lang='lat' dir='ltr'>et</span> <span class='ocrx_word' id='word_1_163' title='bbox 1290 1646 1343 1685; x_wconf 75' lang='grc' dir='ltr'>αἷϊ</span> <span class='ocrx_word' id='word_1_164' title='bbox 1363 1653 1565 1686; x_wconf 67' lang='lat' dir='ltr'>secundum</span> 
     </span>
     <span class='ocr_line' id='line_1_22' title="bbox 108 1709 1565 1755; baseline -0.001 -11"><span class='ocrx_word' id='word_1_165' title='bbox 108 1720 186 1744; x_wconf 90' lang='lat' dir='ltr'>eam</span> <span class='ocrx_word' id='word_1_166' title='bbox 222 1710 584 1754; x_wconf 77' lang='lat' dir='ltr'>interpunctionem,</span> <span class='ocrx_word' id='word_1_167' title='bbox 631 1721 739 1753; x_wconf 82' lang='lat' dir='ltr'>quam</span> <span class='ocrx_word' id='word_1_168' title='bbox 778 1710 1041 1755; x_wconf 80' lang='lat' dir='ltr'>proposuimus</span> <span class='ocrx_word' id='word_1_169' title='bbox 1077 1710 1121 1742; x_wconf 88' lang='lat' dir='ltr'>L.</span> <span class='ocrx_word' id='word_1_170' title='bbox 1151 1709 1167 1743; x_wconf 96' lang='lat'><em>1</em></span> <span class='ocrx_word' id='word_1_171' title='bbox 1205 1711 1232 1751; x_wconf 59' lang='grc' dir='ltr'>ᾖ.</span> <span class='ocrx_word' id='word_1_172' title='bbox 1259 1712 1303 1744; x_wconf 82' lang='lat'>29</span> <span class='ocrx_word' id='word_1_173' title='bbox 1346 1718 1420 1745; x_wconf 88' lang='lat' dir='ltr'>not.</span> <span class='ocrx_word' id='word_1_174' title='bbox 1448 1713 1479 1745; x_wconf 88' lang='lat'>9.</span> <span class='ocrx_word' id='word_1_175' title='bbox 1521 1729 1565 1735; x_wconf 90' lang='lat'>-—</span> 
     </span>
     <span class='ocr_line' id='line_1_23' title="bbox 107 1767 1566 1814; baseline -0.001 -12"><span class='ocrx_word' id='word_1_176' title='bbox 107 1768 337 1811; x_wconf 81' lang='lat' dir='ltr'>Theognost.</span> <span class='ocrx_word' id='word_1_177' title='bbox 364 1768 453 1801; x_wconf 82' lang='lat' dir='ltr'>Oxx</span> <span class='ocrx_word' id='word_1_178' title='bbox 493 1768 531 1801; x_wconf 86' lang='lat'>11</span> <span class='ocrx_word' id='word_1_179' title='bbox 558 1779 592 1812; x_wconf 88' lang='lat' dir='ltr'>p.</span> <span class='ocrx_word' id='word_1_180' title='bbox 621 1771 664 1810; x_wconf 83' lang='lat'>3,</span> <span class='ocrx_word' id='word_1_181' title='bbox 690 1770 711 1803; x_wconf 81' lang='lat'>8</span> <span class='ocrx_word' id='word_1_182' title='bbox 747 1780 795 1802; x_wconf 83' lang='lat' dir='ltr'>ex</span> <span class='ocrx_word' id='word_1_183' title='bbox 821 1767 1037 1802; x_wconf 85' lang='lat' dir='ltr'>Herodiano</span> <span class='ocrx_word' id='word_1_184' title='bbox 1063 1767 1096 1800; x_wconf 81' lang='grc' dir='ltr'>ἐν</span> <span class='ocrx_word' id='word_1_185' title='bbox 1121 1769 1163 1814; x_wconf 77' lang='grc' dir='ltr'>τῇ</span> <span class='ocrx_word' id='word_1_186' title='bbox 1188 1768 1361 1802; x_wconf 52' lang='lat' dir='ltr'>medinm</span> <span class='ocrx_word' id='word_1_187' title='bbox 1397 1767 1566 1805; x_wconf 76' lang='grc' dir='ltr'><em>Λάκωνες</em></span> 
     </span>
     <span class='ocr_line' id='line_1_24' title="bbox 109 1824 1565 1870; baseline -0.001 -12"><span class='ocrx_word' id='word_1_188' title='bbox 109 1826 145 1859; x_wconf 78' lang='grc' dir='ltr'>δὲ</span> <span class='ocrx_word' id='word_1_189' title='bbox 170 1825 260 1863; x_wconf 84' lang='grc' dir='ltr'><strong><em>αἰές</em></strong></span> <span class='ocrx_word' id='word_1_190' title='bbox 285 1835 406 1865; x_wconf 75' lang='grc' dir='ltr'><em>φασιν·</em></span> <span class='ocrx_word' id='word_1_191' title='bbox 445 1826 578 1867; x_wconf 67' lang='grc' dir='ltr'><em>λέγεται</em></span> <span class='ocrx_word' id='word_1_192' title='bbox 612 1827 646 1859; x_wconf 74' lang='grc' dir='ltr'>δὲ</span> <span class='ocrx_word' id='word_1_193' title='bbox 681 1828 740 1859; x_wconf 80' lang='grc' dir='ltr'>καὶ</span> <span class='ocrx_word' id='word_1_194' title='bbox 775 1825 840 1859; x_wconf 82' lang='grc' dir='ltr'>αῖὲ</span> <span class='ocrx_word' id='word_1_195' title='bbox 873 1827 954 1867; x_wconf 75' lang='grc' dir='ltr'>δίχα</span> <span class='ocrx_word' id='word_1_196' title='bbox 983 1827 1046 1857; x_wconf 78' lang='grc' dir='ltr'>τοῦ</span> <span class='ocrx_word' id='word_1_197' title='bbox 1079 1825 1103 1858; x_wconf 66' lang='grc' dir='ltr'>’ὖ</span> <span class='ocrx_word' id='word_1_198' title='bbox 1131 1826 1189 1857; x_wconf 78' lang='grc' dir='ltr'>καὶ.</span> <span class='ocrx_word' id='word_1_199' title='bbox 1220 1827 1282 1857; x_wconf 79' lang='grc' dir='ltr'>τοῦ</span> <span class='ocrx_word' id='word_1_200' title='bbox 1308 1827 1331 1858; x_wconf 77' lang='grc' dir='ltr'><em>ὖ</em></span> <span class='ocrx_word' id='word_1_201' title='bbox 1355 1824 1411 1858; x_wconf 75' lang='grc' dir='ltr'>διὰ</span> <span class='ocrx_word' id='word_1_202' title='bbox 1435 1828 1497 1870; x_wconf 83' lang='grc' dir='ltr'>τῆς</span> <span class='ocrx_word' id='word_1_203' title='bbox 1521 1826 1565 1857; x_wconf 58' lang='grc' dir='ltr'><em>ιιι-ι</em></span> 
     </span>
    </p>
   </div>
   <div class='ocr_carea' id='block_1_5' title="bbox 108 1880 1567 2792">
    <p class='ocr_par' dir='ltr' id='par_1_11' title="bbox 108 1880 1567 2792">
     <span class='ocr_line' id='line_1_25' title="bbox 108 1880 1567 1929; baseline -0.001 -12"><span class='ocrx_word' id='word_1_204' title='bbox 108 1882 301 1926; x_wconf 76' lang='grc' dir='ltr'>ὃιφθόγγου</span> <span class='ocrx_word' id='word_1_205' title='bbox 327 1881 407 1915; x_wconf 82' lang='grc' dir='ltr'><strong>κατ’</strong></span> <span class='ocrx_word' id='word_1_206' title='bbox 434 1881 546 1929; x_wconf 75' lang='grc' dir='ltr'><em>ἀρχὴν</em></span> <span class='ocrx_word' id='word_1_207' title='bbox 570 1884 627 1916; x_wconf 78' lang='grc' dir='ltr'>καὶ</span> <span class='ocrx_word' id='word_1_208' title='bbox 651 1883 706 1917; x_wconf 77' lang='grc' dir='ltr'>διὰ</span> <span class='ocrx_word' id='word_1_209' title='bbox 732 1896 794 1916; x_wconf 80' lang='grc' dir='ltr'>του</span> <span class='ocrx_word' id='word_1_210' title='bbox 828 1897 842 1917; x_wconf 76' lang='grc' dir='ltr'><em>ε</em></span> <span class='ocrx_word' id='word_1_211' title='bbox 876 1881 964 1916; x_wconf 76' lang='grc' dir='ltr'><em>κατὰ</em></span> <span class='ocrx_word' id='word_1_212' title='bbox 996 1880 1037 1916; x_wconf 77' lang='grc' dir='ltr'>τὸ</span> <span class='ocrx_word' id='word_1_213' title='bbox 1060 1884 1155 1920; x_wconf 77' lang='grc' dir='ltr'><strong><em>τέλος</em></strong></span> <span class='ocrx_word' id='word_1_214' title='bbox 1191 1902 1232 1908; x_wconf 88' lang='grc'>-</span> <span class='ocrx_word' id='word_1_215' title='bbox 1270 1884 1403 1925; x_wconf 73' lang='grc' dir='ltr'><em>λέγεται</em></span> <span class='ocrx_word' id='word_1_216' title='bbox 1441 1884 1477 1916; x_wconf 77' lang='grc' dir='ltr'>δὲ</span> <span class='ocrx_word' id='word_1_217' title='bbox 1509 1884 1567 1915; x_wconf 81' lang='grc' dir='ltr'>καὶ</span> 
     </span>
     <span class='ocr_line' id='line_1_26' title="bbox 110 1938 1566 1988; baseline -0.001 -14"><span class='ocrx_word' id='word_1_218' title='bbox 110 1939 185 1985; x_wconf 64' lang='lat' dir='ltr'>aiv}</span> <span class='ocrx_word' id='word_1_219' title='bbox 220 1939 279 1974; x_wconf 77' lang='grc' dir='ltr'>διὰ</span> <span class='ocrx_word' id='word_1_220' title='bbox 306 1942 370 1973; x_wconf 77' lang='grc' dir='ltr'>τοῦ</span> <span class='ocrx_word' id='word_1_221' title='bbox 409 1941 431 1985; x_wconf 82' lang='grc' dir='ltr'><strong><em>ἧ</em></strong></span> <span class='ocrx_word' id='word_1_222' title='bbox 462 1939 562 1986; x_wconf 79' lang='grc' dir='ltr'><em>παρὰ</em></span> <span class='ocrx_word' id='word_1_223' title='bbox 590 1942 811 1988; x_wconf 71' lang='grc' dir='ltr'><strong><em>Ταραντίνοις</em></strong></span> <span class='ocrx_word' id='word_1_224' title='bbox 837 1941 1092 1984; x_wconf 73' lang='grc' dir='ltr'>φυλαττομένης</span> <span class='ocrx_word' id='word_1_225' title='bbox 1115 1942 1176 1985; x_wconf 82' lang='grc' dir='ltr'>τῆς</span> <span class='ocrx_word' id='word_1_226' title='bbox 1202 1938 1279 1973; x_wconf 74' lang='grc' dir='ltr'>κατ’</span> <span class='ocrx_word' id='word_1_227' title='bbox 1308 1939 1421 1986; x_wconf 72' lang='grc' dir='ltr'><em>ἀρχὴν</em></span> <span class='ocrx_word' id='word_1_228' title='bbox 1445 1942 1490 1973; x_wconf 79' lang='grc' dir='ltr'><em>ᾶῖ</em></span> <span class='ocrx_word' id='word_1_229' title='bbox 1514 1941 1566 1974; x_wconf 77' lang='grc' dir='ltr'>δι-</span> 
     </span>
     <span class='ocr_line' id='line_1_27' title="bbox 110 1997 1564 2045; baseline -0.001 -12"><span class='ocrx_word' id='word_1_230' title='bbox 110 1998 269 2041; x_wconf 76' lang='grc' dir='ltr'><strong><em>φθὸγγου</em></strong></span> <span class='ocrx_word' id='word_1_231' title='bbox 292 2000 405 2045; x_wconf 80' lang='grc' dir='ltr'><strong><em>τροπῇ</em></strong></span> <span class='ocrx_word' id='word_1_232' title='bbox 428 2000 490 2042; x_wconf 81' lang='grc' dir='ltr'>τῆς</span> <span class='ocrx_word' id='word_1_233' title='bbox 512 2001 552 2032; x_wconf 64' lang='lat' dir='ltr'>{Z</span> <span class='ocrx_word' id='word_1_234' title='bbox 575 1998 766 2041; x_wconf 73' lang='grc' dir='ltr'><em>ὃιφθόγγου</em></span> <span class='ocrx_word' id='word_1_235' title='bbox 794 1997 837 2036; x_wconf 72' lang='grc' dir='ltr'>εἰς</span> <span class='ocrx_word' id='word_1_236' title='bbox 860 2002 895 2042; x_wconf 81' lang='grc' dir='ltr'>ἢ.</span> <span class='ocrx_word' id='word_1_237' title='bbox 928 2018 972 2023; x_wconf 91' lang='lat'>——</span> <span class='ocrx_word' id='word_1_238' title='bbox 1020 1999 1079 2032; x_wconf 86' lang='lat' dir='ltr'>Et.</span> <span class='ocrx_word' id='word_1_239' title='bbox 1107 1998 1152 2032; x_wconf 89' lang='lat' dir='ltr'>G.</span> <span class='ocrx_word' id='word_1_240' title='bbox 1178 2000 1218 2038; x_wconf 86' lang='lat'>9,</span> <span class='ocrx_word' id='word_1_241' title='bbox 1245 2000 1290 2032; x_wconf 84' lang='lat'>50</span> <span class='ocrx_word' id='word_1_242' title='bbox 1316 1999 1426 2041; x_wconf 80' lang='lat' dir='ltr'>(Ann.</span> <span class='ocrx_word' id='word_1_243' title='bbox 1454 1999 1564 2032; x_wconf 76' lang='lat' dir='ltr'>Parr-</span> 
     </span>
     <span class='ocr_line' id='line_1_28' title="bbox 112 2055 1567 2102; baseline -0.001 -11"><span class='ocrx_word' id='word_1_244' title='bbox 112 2056 193 2099; x_wconf 88' lang='grc' dir='ltr'><strong>ΙΙΙ,</strong></span> <span class='ocrx_word' id='word_1_245' title='bbox 218 2057 306 2097; x_wconf 81' lang='lat'>321,</span> <span class='ocrx_word' id='word_1_246' title='bbox 336 2058 398 2098; x_wconf 81' lang='lat'>15,</span> <span class='ocrx_word' id='word_1_247' title='bbox 431 2057 491 2090; x_wconf 90' lang='lat' dir='ltr'>Et.</span> <span class='ocrx_word' id='word_1_248' title='bbox 519 2057 604 2091; x_wconf 88' lang='lat' dir='ltr'>Par.</span> <span class='ocrx_word' id='word_1_249' title='bbox 628 2057 726 2102; x_wconf 88' lang='lat' dir='ltr'>apud</span> <span class='ocrx_word' id='word_1_250' title='bbox 752 2056 918 2090; x_wconf 85' lang='lat' dir='ltr'>Bastium</span> <span class='ocrx_word' id='word_1_251' title='bbox 946 2056 993 2089; x_wconf 90' lang='lat' dir='ltr'>ad</span> <span class='ocrx_word' id='word_1_252' title='bbox 1019 2056 1133 2099; x_wconf 81' lang='lat' dir='ltr'>Greg.</span> <span class='ocrx_word' id='word_1_253' title='bbox 1160 2055 1200 2089; x_wconf 89' lang='lat' dir='ltr'>C.</span> <span class='ocrx_word' id='word_1_254' title='bbox 1226 2058 1320 2099; x_wconf 74' lang='lat'><strong>347).</strong></span> <span class='ocrx_word' id='word_1_255' title='bbox 1369 2056 1461 2094; x_wconf 82' lang='grc' dir='ltr'><strong><em>αἰὲς</em></strong></span> <span class='ocrx_word' id='word_1_256' title='bbox 1485 2068 1567 2089; x_wconf 81' lang='grc' dir='ltr'>ποι-</span> 
     </span>
     <span class='ocr_line' id='line_1_29' title="bbox 110 2111 1567 2161; baseline -0.001 -15"><span class='ocrx_word' id='word_1_257' title='bbox 110 2116 232 2158; x_wconf 78' lang='grc' dir='ltr'>ητικῶς</span> <span class='ocrx_word' id='word_1_258' title='bbox 258 2133 301 2138; x_wconf 88' lang='grc'><strong>-</strong></span> <span class='ocrx_word' id='word_1_259' title='bbox 325 2111 424 2159; x_wconf 80' lang='grc' dir='ltr'><em>παρὰ</em></span> <span class='ocrx_word' id='word_1_260' title='bbox 448 2117 518 2152; x_wconf 85' lang='grc' dir='ltr'><strong><em>τοῖς</em></strong></span> <span class='ocrx_word' id='word_1_261' title='bbox 545 2115 766 2161; x_wconf 77' lang='grc' dir='ltr'>Ταραντίνοις</span> <span class='ocrx_word' id='word_1_262' title='bbox 792 2113 850 2147; x_wconf 76' lang='grc' dir='ltr'>διὰ</span> <span class='ocrx_word' id='word_1_263' title='bbox 872 2116 935 2146; x_wconf 76' lang='grc' dir='ltr'>τοῦ</span> <span class='ocrx_word' id='word_1_264' title='bbox 961 2114 1003 2147; x_wconf 72' lang='grc' dir='ltr'><em>ἇῖ</em></span> <span class='ocrx_word' id='word_1_265' title='bbox 1028 2112 1199 2159; x_wconf 69' lang='grc' dir='ltr'><em>γράφεται</em></span> <span class='ocrx_word' id='word_1_266' title='bbox 1222 2116 1279 2147; x_wconf 81' lang='grc' dir='ltr'>καὶ</span> <span class='ocrx_word' id='word_1_267' title='bbox 1301 2116 1364 2147; x_wconf 85' lang='grc' dir='ltr'>τοῦ</span> <span class='ocrx_word' id='word_1_268' title='bbox 1389 2116 1413 2159; x_wconf 80' lang='grc' dir='ltr'><strong><em>ἦ</em></strong></span> <span class='ocrx_word' id='word_1_269' title='bbox 1428 2125 1436 2134; x_wconf 92' lang='grc'><em>·</em></span> <span class='ocrx_word' id='word_1_270' title='bbox 1475 2113 1507 2147; x_wconf 77' lang='grc' dir='ltr'>οἱ</span> <span class='ocrx_word' id='word_1_271' title='bbox 1531 2114 1567 2147; x_wconf 81' lang='grc' dir='ltr'>δὲ</span> 
     </span>
     <span class='ocr_line' id='line_1_30' title="bbox 114 2169 1567 2218; baseline -0.001 -14"><span class='ocrx_word' id='word_1_272' title='bbox 114 2173 321 2217; x_wconf 82' lang='grc' dir='ltr'><em>Ταραντῖνοι</em></span> <span class='ocrx_word' id='word_1_273' title='bbox 345 2169 486 2204; x_wconf 71' lang='grc' dir='ltr'>ἄποικοί</span> <span class='ocrx_word' id='word_1_274' title='bbox 509 2171 570 2205; x_wconf 68' lang='grc' dir='ltr'><em>εἰσι</em></span> <span class='ocrx_word' id='word_1_275' title='bbox 592 2174 658 2205; x_wconf 82' lang='grc' dir='ltr'>τῶν</span> <span class='ocrx_word' id='word_1_276' title='bbox 682 2172 858 2218; x_wconf 74' lang='grc' dir='ltr'><em>Δωριέων·</em></span> <span class='ocrx_word' id='word_1_277' title='bbox 885 2173 955 2204; x_wconf 74' lang='grc' dir='ltr'><em>ἔστι</em></span> <span class='ocrx_word' id='word_1_278' title='bbox 978 2172 1013 2205; x_wconf 76' lang='grc' dir='ltr'>δὲ</span> <span class='ocrx_word' id='word_1_279' title='bbox 1040 2172 1096 2204; x_wconf 80' lang='grc' dir='ltr'>καὶ</span> <span class='ocrx_word' id='word_1_280' title='bbox 1120 2169 1192 2208; x_wconf 80' lang='grc' dir='ltr'>ἀὲς</span> <span class='ocrx_word' id='word_1_281' title='bbox 1220 2171 1330 2211; x_wconf 86' lang='lat' dir='ltr'>(Ann.</span> <span class='ocrx_word' id='word_1_282' title='bbox 1351 2172 1456 2205; x_wconf 83' lang='lat' dir='ltr'>Parr.</span> <span class='ocrx_word' id='word_1_283' title='bbox 1482 2170 1567 2213; x_wconf 80' lang='grc' dir='ltr'><strong><em>αἰὲς)</em></strong></span> 
     </span>
     <span class='ocr_line' id='line_1_31' title="bbox 112 2227 1563 2276; baseline -0.001 -13"><span class='ocrx_word' id='word_1_284' title='bbox 112 2228 212 2276; x_wconf 74' lang='grc' dir='ltr'><em>παρὰ</em></span> <span class='ocrx_word' id='word_1_285' title='bbox 237 2231 307 2266; x_wconf 83' lang='grc' dir='ltr'><strong><em>τοῖς</em></strong></span> <span class='ocrx_word' id='word_1_286' title='bbox 333 2228 501 2274; x_wconf 72' lang='grc' dir='ltr'><em>Δωριεῦσι</em></span> <span class='ocrx_word' id='word_1_287' title='bbox 535 2249 577 2254; x_wconf 83' lang='lat'>—-</span> <span class='ocrx_word' id='word_1_288' title='bbox 614 2230 670 2262; x_wconf 80' lang='grc' dir='ltr'>καὶ</span> <span class='ocrx_word' id='word_1_289' title='bbox 700 2228 740 2262; x_wconf 84' lang='grc' dir='ltr'>τὸ</span> <span class='ocrx_word' id='word_1_290' title='bbox 777 2228 825 2262; x_wconf 84' lang='grc' dir='ltr'>ἀὲ</span> <span class='ocrx_word' id='word_1_291' title='bbox 863 2230 937 2272; x_wconf 89' lang='lat' dir='ltr'>(Et.</span> <span class='ocrx_word' id='word_1_292' title='bbox 967 2229 1012 2263; x_wconf 92' lang='lat' dir='ltr'>G.</span> <span class='ocrx_word' id='word_1_293' title='bbox 1048 2228 1116 2270; x_wconf 77' lang='grc' dir='ltr'>ἀεὶ)</span> <span class='ocrx_word' id='word_1_294' title='bbox 1155 2227 1255 2274; x_wconf 66' lang='grc' dir='ltr'><em>παρὰ</em></span> <span class='ocrx_word' id='word_1_295' title='bbox 1288 2228 1563 2275; x_wconf 75' lang='grc' dir='ltr'>Πεισάνδρῳ.</span> 
     </span>
     <span class='ocr_line' id='line_1_32' title="bbox 113 2285 1566 2333; baseline -0.002 -11"><span class='ocrx_word' id='word_1_296' title='bbox 113 2287 291 2322; x_wconf 80' lang='lat' dir='ltr'>Certatim</span> <span class='ocrx_word' id='word_1_297' title='bbox 325 2294 568 2321; x_wconf 85' lang='lat' dir='ltr'>correxerunt</span> <span class='ocrx_word' id='word_1_298' title='bbox 594 2286 757 2333; x_wconf 77' lang='grc' dir='ltr'><em>Πινδάρῳ</em></span> <span class='ocrx_word' id='word_1_299' title='bbox 793 2285 869 2320; x_wconf 92' lang='lat' dir='ltr'>vid.</span> <span class='ocrx_word' id='word_1_300' title='bbox 906 2287 1007 2320; x_wconf 82' lang='lat' dir='ltr'>Bast.</span> <span class='ocrx_word' id='word_1_301' title='bbox 1039 2286 1083 2320; x_wconf 91' lang='lat' dir='ltr'>ad</span> <span class='ocrx_word' id='word_1_302' title='bbox 1113 2286 1179 2320; x_wconf 91' lang='lat' dir='ltr'>Gr.</span> <span class='ocrx_word' id='word_1_303' title='bbox 1206 2286 1245 2320; x_wconf 90' lang='lat' dir='ltr'>C.</span> <span class='ocrx_word' id='word_1_304' title='bbox 1281 2298 1316 2330; x_wconf 88' lang='lat' dir='ltr'>p.</span> <span class='ocrx_word' id='word_1_305' title='bbox 1341 2288 1427 2329; x_wconf 75' lang='lat'>3493</span> <span class='ocrx_word' id='word_1_306' title='bbox 1464 2293 1501 2320; x_wconf 88' lang='lat' dir='ltr'>at</span> <span class='ocrx_word' id='word_1_307' title='bbox 1528 2286 1566 2320; x_wconf 91' lang='lat' dir='ltr'>in</span> 
     </span>
     <span class='ocr_line' id='line_1_33' title="bbox 114 2343 1567 2390; baseline -0.001 -11"><span class='ocrx_word' id='word_1_308' title='bbox 114 2347 210 2379; x_wconf 85' lang='lat' dir='ltr'>Ann.</span> <span class='ocrx_word' id='word_1_309' title='bbox 237 2344 343 2377; x_wconf 81' lang='lat' dir='ltr'>Parr.</span> <span class='ocrx_word' id='word_1_310' title='bbox 386 2343 538 2378; x_wconf 86' lang='lat' dir='ltr'>additur</span> <span class='ocrx_word' id='word_1_311' title='bbox 573 2346 629 2378; x_wconf 79' lang='grc' dir='ltr'>καὶ</span> <span class='ocrx_word' id='word_1_312' title='bbox 658 2347 761 2390; x_wconf 77' lang='grc' dir='ltr'>μηρεῖ</span> <span class='ocrx_word' id='word_1_313' title='bbox 790 2344 814 2378; x_wconf 91' lang='lat' dir='ltr'>i.</span> <span class='ocrx_word' id='word_1_314' title='bbox 840 2356 870 2378; x_wconf 85' lang='lat' dir='ltr'>e.</span> <span class='ocrx_word' id='word_1_315' title='bbox 897 2346 1068 2390; x_wconf 64' lang='grc' dir='ltr'>Καμιρεῑ,</span> <span class='ocrx_word' id='word_1_316' title='bbox 1104 2351 1142 2377; x_wconf 91' lang='lat' dir='ltr'>ut</span> <span class='ocrx_word' id='word_1_317' title='bbox 1169 2349 1267 2376; x_wconf 87' lang='lat' dir='ltr'>recte</span> <span class='ocrx_word' id='word_1_318' title='bbox 1292 2343 1486 2378; x_wconf 84' lang='lat' dir='ltr'>Cramerus</span> <span class='ocrx_word' id='word_1_319' title='bbox 1510 2344 1567 2378; x_wconf 89' lang='lat' dir='ltr'>in-</span> 
     </span>
     <span class='ocr_line' id='line_1_34' title="bbox 115 2400 1567 2445; baseline -0.001 -9"><span class='ocrx_word' id='word_1_320' title='bbox 115 2402 272 2436; x_wconf 79' lang='lat' dir='ltr'>tellexit.</span> <span class='ocrx_word' id='word_1_321' title='bbox 322 2402 414 2435; x_wconf 87' lang='lat' dir='ltr'>Inde</span> <span class='ocrx_word' id='word_1_322' title='bbox 439 2402 506 2435; x_wconf 87' lang='lat' dir='ltr'>illa</span> <span class='ocrx_word' id='word_1_323' title='bbox 531 2402 742 2436; x_wconf 82' lang='lat' dir='ltr'>emendatio</span> <span class='ocrx_word' id='word_1_324' title='bbox 766 2401 876 2435; x_wconf 85' lang='lat' dir='ltr'>valde</span> <span class='ocrx_word' id='word_1_325' title='bbox 903 2400 943 2435; x_wconf 84' lang='lat' dir='ltr'>fit</span> <span class='ocrx_word' id='word_1_326' title='bbox 968 2400 1253 2445; x_wconf 83' lang='lat' dir='ltr'>improbabilis,</span> <span class='ocrx_word' id='word_1_327' title='bbox 1280 2411 1399 2443; x_wconf 88' lang='lat' dir='ltr'>neque</span> <span class='ocrx_word' id='word_1_328' title='bbox 1423 2408 1479 2435; x_wconf 82' lang='lat' dir='ltr'>est</span> <span class='ocrx_word' id='word_1_329' title='bbox 1501 2413 1567 2435; x_wconf 90' lang='lat' dir='ltr'>cur</span> 
     </span>
     <span class='ocr_line' id='line_1_35' title="bbox 116 2457 1566 2503; baseline -0.001 -9"><span class='ocrx_word' id='word_1_330' title='bbox 116 2460 338 2494; x_wconf 84' lang='lat' dir='ltr'>Pisandrum</span> <span class='ocrx_word' id='word_1_331' title='bbox 374 2459 502 2492; x_wconf 88' lang='lat' dir='ltr'>eadem</span> <span class='ocrx_word' id='word_1_332' title='bbox 537 2460 640 2493; x_wconf 81' lang='lat' dir='ltr'>vocis</span> <span class='ocrx_word' id='word_1_333' title='bbox 666 2460 782 2494; x_wconf 86' lang='lat' dir='ltr'>forma</span> <span class='ocrx_word' id='word_1_334' title='bbox 807 2470 909 2492; x_wconf 78' lang='lat' dir='ltr'>usum</span> <span class='ocrx_word' id='word_1_335' title='bbox 934 2470 1014 2492; x_wconf 76' lang='lat' dir='ltr'>esse</span> <span class='ocrx_word' id='word_1_336' title='bbox 1038 2465 1148 2501; x_wconf 82' lang='lat' dir='ltr'>atque</span> <span class='ocrx_word' id='word_1_337' title='bbox 1174 2457 1376 2492; x_wconf 79' lang='lat' dir='ltr'>Pindarum</span> <span class='ocrx_word' id='word_1_338' title='bbox 1404 2459 1566 2503; x_wconf 87' lang='lat' dir='ltr'>pertina-</span> 
     </span>
     <span class='ocr_line' id='line_1_36' title="bbox 115 2515 1566 2561; baseline -0.001 -10"><span class='ocrx_word' id='word_1_339' title='bbox 115 2518 207 2552; x_wconf 86' lang='lat' dir='ltr'>citer</span> <span class='ocrx_word' id='word_1_340' title='bbox 231 2527 415 2560; x_wconf 80' lang='lat' dir='ltr'>negemus.</span> <span class='ocrx_word' id='word_1_341' title='bbox 473 2516 612 2549; x_wconf 78' lang='lat' dir='ltr'>Eadem</span> <span class='ocrx_word' id='word_1_342' title='bbox 637 2517 683 2549; x_wconf 87' lang='lat' dir='ltr'>ab</span> <span class='ocrx_word' id='word_1_343' title='bbox 709 2516 902 2561; x_wconf 81' lang='lat' dir='ltr'>Hesychio</span> <span class='ocrx_word' id='word_1_344' title='bbox 927 2523 1234 2549; x_wconf 82' lang='lat' dir='ltr'>commemoratur</span> <span class='ocrx_word' id='word_1_345' title='bbox 1263 2515 1311 2548; x_wconf 75' lang='grc' dir='ltr'>ἄε</span> <span class='ocrx_word' id='word_1_346' title='bbox 1336 2516 1393 2549; x_wconf 81' lang='grc' dir='ltr'>ἐπὶ</span> <span class='ocrx_word' id='word_1_347' title='bbox 1414 2519 1476 2550; x_wconf 80' lang='grc' dir='ltr'>τοῦ</span> <span class='ocrx_word' id='word_1_348' title='bbox 1501 2516 1566 2551; x_wconf 71' lang='grc' dir='ltr'>ἀεὶ.</span> 
     </span>
     <span class='ocr_line' id='line_1_37' title="bbox 117 2572 1565 2617; baseline 0 -8"><span class='ocrx_word' id='word_1_349' title='bbox 117 2595 159 2599; x_wconf 92' lang='grc'>-</span> <span class='ocrx_word' id='word_1_350' title='bbox 209 2575 386 2609; x_wconf 83' lang='lat' dir='ltr'>Doricum</span> <span class='ocrx_word' id='word_1_351' title='bbox 410 2572 467 2611; x_wconf 77' lang='grc' dir='ltr'>ἆές</span> <span class='ocrx_word' id='word_1_352' title='bbox 494 2574 555 2607; x_wconf 77' lang='lat' dir='ltr'>vel</span> <span class='ocrx_word' id='word_1_353' title='bbox 582 2573 651 2611; x_wconf 76' lang='grc' dir='ltr'><strong><em>αἰὲς</em></strong></span> <span class='ocrx_word' id='word_1_354' title='bbox 676 2574 889 2607; x_wconf 86' lang='lat' dir='ltr'>Herodiano</span> <span class='ocrx_word' id='word_1_355' title='bbox 916 2573 1180 2607; x_wconf 76' lang='lat' dir='ltr'>restituendum</span> <span class='ocrx_word' id='word_1_356' title='bbox 1207 2580 1261 2606; x_wconf 81' lang='lat' dir='ltr'>est</span> <span class='ocrx_word' id='word_1_357' title='bbox 1286 2586 1322 2607; x_wconf 76' lang='grc' dir='ltr'>π,</span> <span class='ocrx_word' id='word_1_358' title='bbox 1345 2589 1378 2613; x_wconf 56' lang='grc' dir='ltr'>μ.</span> <span class='ocrx_word' id='word_1_359' title='bbox 1397 2576 1426 2606; x_wconf 81' lang='grc' dir='ltr'>λ.</span> <span class='ocrx_word' id='word_1_360' title='bbox 1450 2575 1508 2617; x_wconf 84' lang='grc'>47,</span> <span class='ocrx_word' id='word_1_361' title='bbox 1531 2577 1565 2616; x_wconf 84' lang='grc'>6,</span> 
     </span>
     <span class='ocr_line' id='line_1_38' title="bbox 117 2630 1565 2677; baseline -0.001 -11"><span class='ocrx_word' id='word_1_362' title='bbox 117 2632 179 2666; x_wconf 90' lang='lat' dir='ltr'>ubi</span> <span class='ocrx_word' id='word_1_363' title='bbox 208 2633 303 2666; x_wconf 90' lang='lat' dir='ltr'>inter</span> <span class='ocrx_word' id='word_1_364' title='bbox 327 2632 505 2665; x_wconf 85' lang='lat' dir='ltr'>adverbia</span> <span class='ocrx_word' id='word_1_365' title='bbox 531 2631 567 2664; x_wconf 87' lang='lat' dir='ltr'>iu</span> <span class='ocrx_word' id='word_1_366' title='bbox 593 2645 624 2668; x_wconf 69' lang='grc' dir='ltr'>ες</span> <span class='ocrx_word' id='word_1_367' title='bbox 649 2638 952 2665; x_wconf 86' lang='lat' dir='ltr'>commemoratur</span> <span class='ocrx_word' id='word_1_368' title='bbox 976 2630 1017 2664; x_wconf 82' lang='grc' dir='ltr'>τὸ</span> <span class='ocrx_word' id='word_1_369' title='bbox 1042 2632 1118 2668; x_wconf 72' lang='grc' dir='ltr'>θὲς</span> <span class='ocrx_word' id='word_1_370' title='bbox 1143 2630 1286 2677; x_wconf 73' lang='grc' dir='ltr'>Δώριον.</span> <span class='ocrx_word' id='word_1_371' title='bbox 1314 2651 1356 2656; x_wconf 85' lang='grc'><strong>-</strong></span> <span class='ocrx_word' id='word_1_372' title='bbox 1404 2632 1446 2664; x_wconf 92' lang='lat' dir='ltr'>In</span> <span class='ocrx_word' id='word_1_373' title='bbox 1471 2633 1565 2677; x_wconf 85' lang='lat' dir='ltr'>Ety-</span> 
     </span>
     <span class='ocr_line' id='line_1_39' title="bbox 115 2687 1564 2733; baseline 0.001 -10"><span class='ocrx_word' id='word_1_374' title='bbox 115 2690 311 2733; x_wconf 80' lang='lat' dir='ltr'>mologicis</span> <span class='ocrx_word' id='word_1_375' title='bbox 335 2689 519 2723; x_wconf 79' lang='lat' dir='ltr'>Parisinis</span> <span class='ocrx_word' id='word_1_376' title='bbox 555 2688 636 2722; x_wconf 84' lang='lat' dir='ltr'>sine</span> <span class='ocrx_word' id='word_1_377' title='bbox 673 2689 914 2724; x_wconf 85' lang='lat' dir='ltr'>dialectorum</span> <span class='ocrx_word' id='word_1_378' title='bbox 948 2687 1091 2722; x_wconf 88' lang='lat' dir='ltr'>indicio</span> <span class='ocrx_word' id='word_1_379' title='bbox 1127 2696 1457 2724; x_wconf 88' lang='lat' dir='ltr'>commemorantur</span> <span class='ocrx_word' id='word_1_380' title='bbox 1480 2689 1564 2733; x_wconf 80' lang='grc' dir='ltr'>αἰὲς,</span> 
     </span>
     <span class='ocr_line' id='line_1_40' title="bbox 116 2745 368 2792; baseline 0 -12"><span class='ocrx_word' id='word_1_381' title='bbox 116 2746 192 2792; x_wconf 83' lang='grc' dir='ltr'>αἶή,</span> <span class='ocrx_word' id='word_1_382' title='bbox 216 2746 275 2787; x_wconf 60' lang='lat' dir='ltr'>titi,</span> <span class='ocrx_word' id='word_1_383' title='bbox 300 2745 368 2785; x_wconf 79' lang='grc' dir='ltr'>ἀές.</span> 
     </span>
    </p>
   </div>
  </div>
 </body>
</html>
