1779 3079
410 210 452 268 §.
490 211 568 258 26.
640 211 714 256 De
748 228 793 254 εο
830 218 876 255 et
913 228 965 254 εω
997 206 1271 254 contractis.
1470 205 1570 252 219

126 346 287 390 Siculis
330 346 395 388 Cl.
434 345 521 387 XV
564 346 797 403 leguntur,
861 359 884 384 c
923 342 1202 397 Κλευκράτευς
1241 349 1322 385 cte.
1372 350 1569 400 corrupta

127 416 228 457 sint.
302 413 445 470 Magis
475 415 648 455 haerere
679 412 782 453 licet
813 411 858 452 in
884 412 1135 464 ποιείμενος,
1181 411 1296 468 quod
1334 411 1496 469 legitur
1523 411 1568 452 in

126 482 452 539 corruptissimo
481 479 849 536 tituluDelphico
880 494 946 520 nr.
982 478 1120 532 1693,
1155 495 1288 537 quum
1317 480 1364 520 in
1395 479 1570 521 Bossia-

125 566 183 592 no
210 566 276 591 nr.
310 549 389 602 67,
435 550 510 606 qui
551 547 799 590 simillimus
846 555 910 589 cst
946 561 1086 604 neque
1118 554 1259 588 tamen
1291 546 1430 601 idem,
1477 564 1570 588 ποι-

126 634 325 672 ειμ.σνος
364 616 568 658 tradatur.
642 615 753 657 Nam
793 614 908 672 quod
937 614 1209 668 Boeckhi11s‚
1259 614 1418 655 Rossio
1449 614 1571 655 dubi-

125 693 264 728 tanter
292 683 605 740 adstipulante,
651 683 840 726 correxit
877 682 1141 734 ποιεύμενος,
1187 697 1211 722 a
1242 681 1455 738 Delphica
1484 682 1571 724 dia-

122 755 237 797 lecto
265 752 454 794 alienum
482 758 559 794 est.
619 751 772 809 Neque
802 758 941 792 tamen
961 750 1112 792 Rossii
1139 749 1450 807 suspicionem,
1482 767 1572 791 ποι-

122 823 277 874 είμενος
308 820 490 862 fortasse
520 819 761 877 Delphicae
793 820 975 862 dialecto
1005 817 1227 876 proprium
1267 833 1385 871 esse,
1430 834 1571 859 veram

122 888 433 932 existimamus.
508 888 663 930 Potius
703 889 857 930 lacuna
899 887 943 928 in
974 886 1126 928 Rossii
1156 886 1402 944 apographo
1429 892 1573 927 notata

121 957 308 1015 aliquam
340 956 626 1014 corruptelam
655 955 846 998 indicare
874 954 1060 996 videtur.

234 1024 280 1076 6)
328 1024 554 1066 Postremo
583 1024 755 1066 vocales
786 1040 827 1065 εο
860 1030 901 1064 et
928 1040 979 1063 εω
1012 1038 1099 1064 non
1132 1028 1373 1065 contractae
1402 1038 1573 1064 servan·

122 1099 217 1145 tur,
258 1091 442 1133 maxime
476 1092 521 1132 in
550 1090 877 1149 septentrionali
908 1089 1087 1132 Graecia
1117 1098 1159 1132 et
1188 1090 1399 1148 (exceptis
1429 1097 1573 1132 tamen

121 1157 300 1215 futuris)
346 1160 459 1218 apud
491 1159 680 1201 Siculos.
757 1158 950 1201 Genitivi
990 1165 1032 1199 et
1074 1158 1312 1216 composita
1343 1174 1440 1200 cum
1470 1157 1572 1206 θεὸς

121 1236 203 1269 etc.
237 1227 350 1285 apud
378 1228 610 1286 plerosque
640 1226 926 1269 Doriensium
959 1227 1219 1268 solutionem
1249 1227 1514 1284 praeferunt.

232 1296 274 1348 a)
332 1296 405 1337 Ad
433 1295 562 1337 verba
592 1303 807 1338 contracta
836 1294 1077 1352 pertinent:
1118 1295 1280 1353 Amph.
1315 1294 1424 1337 1688
1454 1293 1574 1348 εὐορ-

120 1363 275 1413 κέοντι,
309 1364 569 1417 ἔᾳιορκέοιμι
600 1371 642 1406 et
671 1365 718 1405 in
747 1363 931 1420 reliquis
961 1362 1190 1422 Delphicis
1224 1364 1570 1412 συνευδοκέυντος,

122 1431 490 1480 συνευδοκεούσας,
526 1433 699 1482 συλέων,
735 1431 969 1483 συλεόντος,
1005 1431 1321 1485 στραταγέοντος
1351 1439 1432 1473 etc.
1468 1431 1572 1481 (sor-

119 1516 212 1542 mac
242 1500 412 1558 vulgari
443 1500 609 1542 ratione
642 1507 883 1542 contractae
916 1499 1060 1540 minus
1092 1499 1306 1555 genuinae
1325 1497 1574 1551 videntum

119 1568 257 1611 Phoc.
286 1569 340 1618 781
371 1568 426 1609 R.
461 1569 770 1621 ἕπιτειμέοντες,
815 1568 1019 1618 νοέοντες,
1063 1568 1304 1620 φρονέοντες
1341 1575 1382 1608 et
1411 1567 1457 1607 in
1489 1565 1574 1608 alio

121 1636 313 1679 Phocico
350 1635 463 1693 apud
491 1635 701 1677 Rossium
739 1652 783 1693 p.
820 1636 874 1678 36
913 1637 1260 1690 βουλαρχέοντος,
1307 1635 1430 1676 Chal.
1465 1633 1574 1676 1567

124 1704 466 1757 ὁαμιοργέοντος,
499 1703 645 1746 Aetol.
672 1704 796 1747 1756.
823 1704 947 1746 1757.
971 1703 1082 1746 3046
1114 1704 1445 1756 στραταγέοντος,
1482 1719 1575 1742 συν-

122 1770 418 1821 ευὸοκεούσας,
467 1773 771 1822 κατοικεόντες,
819 1770 1089 1825 παρεκάλεον.
1163 1770 1337 1814 Deinde
1369 1787 1391 1812 c
1423 1769 1575 1811 Sicilia

118 1838 164 1880 in
194 1838 320 1880 titulo
351 1839 562 1880 Alaesino
595 1839 914 1889 οἷκολουθέοντι,
948 1839 1104 1896 Sophr.
1125 1840 1182 1882 74
1211 1839 1364 1889 ποιέω,
1397 1838 1451 1880 37
1480 1839 1573 1879 ὑλα-

118 1907 272 1957 κτέων,
321 1906 478 1964 Epich.
521 1907 573 1950 19
615 1908 881 1962 συνδειπνὲω,
928 1907 1123 1957 ἐπαινέω,
1171 1908 1221 1949 51
1254 1908 1474 1961 καλέομες,
1519 1906 1574 1948 56

118 1973 271 2024 ποιέω,
317 1975 398 2016 114
430 1973 618 2029 ἀποχρέω
650 1983 692 2016 et
722 1991 818 2017 cum
848 1975 1039 2033 synizesi
1073 1975 1124 2018 19
1153 1975 1303 2028 ποιέω,
1341 1976 1396 2018 98
1428 1974 1570 2023 ὁοκέω,

116 2042 171 2084 ‘23
202 2042 408 2093 καλέοντι,
455 2059 586 2100 quare
625 2044 787 2085 formae
818 2051 1061 2086 contractae
1100 2042 1201 2093 (vid.
1235 2059 1301 2085 nr.
1335 2043 1382 2098 4)
1423 2058 1573 2099 suspe—

118 2108 275 2151 ctiores
316 2118 430 2150 sunt.
504 2111 659 2168 Neque
698 2112 842 2154 minus
874 2112 987 2170 apud
1016 2111 1324 2153 Archimedem
1358 2111 1572 2163 ἰσορροπέ-

121 2192 206 2217 οντι
234 2184 275 2217 et
306 2177 465 2219 similia
496 2178 839 2236 frequentantur.
875 2204 927 2210 —
986 2178 1135 2220 Minus
1168 2187 1281 2220 certa
1315 2187 1431 2232 sunt,
1463 2194 1572 2235 quac

119 2243 313 2300 ejusdem
357 2245 529 2301 generis
573 2246 619 2288 in
656 2247 797 2289 titulis
841 2247 1026 2289 Creticis
1071 2248 1424 2304 suspectissimam
1469 2246 1571 2286 fidei

118 2311 351 2369 leguntur:
393 2312 503 2354 2554
531 2316 760 2367 πολεμὲων,
792 2315 1024 2365 πωλεόντα,
1058 2314 1287 2368 ὦνεομένῳ,
1322 2314 1568 2367 εὐορκέοντι,

119 2379 388 2434 ἕφορκέοντι,
435 2381 682 2435 ἐρευνεόντες
721 2390 762 2425 et
791 2382 902 2425 3047
932 2384 1190 2436 ἐπαινέομεν,
1236 2399 1368 2440 quum
1411 2382 1454 2422 in
1495 2381 1570 2423 iis-

119 2447 215 2489 dem
243 2446 408 2504 primus
440 2449 718 2490 contrahendi
761 2451 914 2492 modus
954 2451 1216 2508 reperiatur,
1264 2451 1421 2492 deinde
1460 2465 1569 2506 quac

119 2515 233 2572 apud
271 2515 516 2556 Philolaum
561 2523 602 2557 et
645 2517 1192 2576 Pseudo-Pythagoreos,
1238 2519 1388 2559 talium
1425 2534 1568 2559 aman·

117 2582 324 2624 tissimos.

230 2650 277 2701 h)
337 2650 492 2692 Futuri
533 2668 619 2693 non
657 2654 862 2697 contracti
900 2655 1021 2696 nulla
1060 2654 1252 2711 exempla
1291 2652 1568 2711 reperiuntur

120 2725 416 2775 praeterquam
459 2720 626 2772 ὁρκιξέω
658 2728 700 2762 ct
728 2722 935 2776 ἕκπραξέω
967 2722 1012 2763 in
1041 2722 1201 2778 Amph.
1237 2722 1377 2775 1688,
1427 2720 1565 2762 Siculi

121 2798 289 2841 quoque
319 2788 600 2841 contrahunt,
631 2786 718 2830 vid.
751 2805 817 2832 nr.
850 2791 893 2831 4.
