1779 3079
510 231 586 278 Ad
622 230 834 278 Librum
873 230 1111 277 Primum!
1437 230 1530 278 541

90 383 165 421 ρος
179 398 194 422 ,
226 382 310 425 qua
331 366 607 410 Hel-mannus
629 381 802 425 quoque
823 373 865 407 et
887 366 1187 409 Blomflcldius
1214 365 1366 409 offensi
1396 374 1531 422 erant,

85 442 128 477 et
156 442 331 494 propter
358 435 584 477 meliorum
623 434 854 477 lectionem
887 433 1223 488 ἆπωρανωθερος·
1253 433 1293 475 δ’
1326 434 1423 487 ἅμες
1452 453 1531 485 πω,

86 518 173 561 quo
211 502 377 544 accedit
416 519 531 546 nunc
564 504 665 545 Par.
688 533 702 556 ,
763 501 919 542 deinde
951 501 1045 554 αἶψ’
1078 501 1164 543 ἀλλ’
1195 502 1239 543 in
1271 502 1435 545 Aldina
1473 505 1535 556 (et

84 570 235 624 Pan),
278 570 384 624 αἶψα
417 571 458 610 δ’
492 570 582 624 ἄρ’,
627 570 664 612 si
692 569 830 611 Nevio
863 569 968 610 fides
1000 577 1090 622 est,
1135 569 1180 610 in
1210 570 1432 629 plerisque
1462 587 1533 613 an-

81 637 219 695 tiquis
260 638 561 690 editionibus,
620 638 762 679 locum
812 652 920 677 nova
964 637 1213 692 conjectura
1256 640 1530 681 tentavimus.

50 719 53 729 ’
83 704 142 746 Et
172 706 308 748 erasis
339 706 514 764 quidem
545 705 620 747 illa
650 703 748 747 aliis
780 703 957 746 defendi
986 705 1185 758 videtur,
1219 722 1325 763 quac
1355 708 1426 748 vix
1456 707 1534 749 mi-

81 788 167 815 nus
199 774 330 815 durae
360 780 490 815 sunt:
552 771 714 831 Sapph.
748 772 804 814 69
832 771 1125 839 uet'oewd',
1186 773 1286 815 Alc.
1320 774 1375 816 45
1405 774 1536 816 κωλύ-

81 867 117 892 ει
147 853 271 900 αἴὸως
317 854 407 906 (et,
460 851 498 893 si
539 852 713 910 quidem
756 859 872 894 recte
911 850 1232 893 emendavimus
1277 852 1439 911 Sapph.
1482 854 1535 898 59

85 904 175 920 ψ

80 932 167 983 ἥξω
199 930 374 987 οὐκέτι).
456 930 690 984 Attamen,
733 947 865 989 quum
904 930 1118 972 bonorum
1156 930 1368 973 librorum
1406 933 1536 977 lectio

148 985 227 999 υ

81 1013 174 1065 περὶ
215 1011 272 1062 (i.
306 1026 344 1052 c.
378 1008 503 1064 ὑπὲρ)
543 1012 618 1063 γᾶς·
656 1012 846 1062 μελαίνας
886 1026 909 1051 a
948 1010 1076 1052 nobis
1110 1009 1213 1052 satis
1245 1010 1408 1053 firmata
1438 1028 1536 1055 esse

80 1078 305 1131 videatur,
367 1077 413 1118 in
451 1077 662 1134 proximis
706 1077 782 1118 ἀπ’
815 1077 966 1131 αἰράυω
998 1079 1169 1131 αἴθερος
1201 1076 1269 1118 διὰ
1299 1079 1438 1130 μέσσω
1468 1080 1535 1122 in-

79 1145 299 1189 tolerabili
350 1145 691 1187 inconcinnitate
742 1146 941 1188 laborant
968 1163 981 1200 5
1040 1145 1161 1203 prius
1209 1145 1323 1188 enim
1369 1163 1468 1189 aves
1511 1165 1536 1191 a

82 1214 204 1256 coelo
234 1230 312 1271 per
340 1215 557 1255 aetherem
588 1213 851 1255 descendere
882 1213 1101 1272 oportuit,
1134 1229 1261 1272 quam
1294 1230 1423 1271 super
1451 1224 1534 1257 ter-

79 1298 171 1323 ram
199 1281 429 1325 volitantes
459 1281 677 1323 Venerem
707 1282 926 1323 veherent.
1002 1281 1150 1338 Itaque
1190 1296 1245 1322 ne
1284 1284 1399 1324 nunc
1440 1282 1534 1341 qui-

16 1345 19 1351 ’
80 1348 177 1391 dem
207 1348 471 1408 suspicionis
502 1349 748 1407 propositae
777 1349 997 1407 poenitet:

281 1423 382 1478 ἄρμ’
413 1423 724 1472 ὐπαζεύξαισα.
787 1423 906 1466 κάλοι
938 1425 983 1464 δέ
1012 1422 1055 1464 6²
1087 1420 1184 1478 ἆγον

282 1491 409 1539 ὤκεες
442 1494 643 1545 στροῦθοι
672 1495 765 1547 περὶ
793 1494 869 1546 γᾶς
897 1493 1085 1544 μελαίνας

279 1559 414 1601 πύκνα
446 1561 646 1608 δίννοντες
676 1559 792 1614 πτέρ’
825 1559 904 1601 ἀπ’
937 1559 1084 1614 ώράνω
1115 1559 1166 1601 θ’
1198 1563 1238 1601 ἔ-

830 1629 900 1678 ὃος
928 1628 1031 1669 πέὃα
1058 1628 1213 1682 Λέσβω

281 1695 378 1751 αἶψ’
412 1696 486 1753 ἄρ’
518 1696 711 1745 ἐξίκοντο.

81 1763 152 1807 De
182 1764 400 1819 δι’ννοντες,
445 1772 493 1805 ut
522 1780 639 1806 nunc
670 1763 956 1821 scripsimus,
998 1763 1087 1805 vid.
1120 1763 1161 1817 ξ.
1195 1765 1248 1818 8,
1281 1764 1320 1806 5.
1355 1766 1397 1808 8.

195 1853 379 1905 15—20)
438 1855 539 1896 Par.
576 1854 671 1909 ἤρε’
705 1854 786 1896 ὅττι
820 1854 860 1894 δ’
890 1857 943 1904 ἧυ
971 1853 1016 1895 τὸ
1046 1855 1237 1897 πέπονθα
1265 1881 1320 1888 ——
1350 1858 1461 1900 κὸττι
1491 1858 1533 1899 δ’

81 1937 177 1972 aqut&
205 1926 387 1974 καλημμι
414 1921 660 1975 κόττίἕμαῖι
687 1922 863 1975 μάλιστα
891 1922 1086 1963 θε’λω.--
1115 1923 1289 1976 μαινόλα
1319 1952 1373 1957 ———
1402 1926 1534 1967 τιναὸ’

82 1990 375 2042 ἔυτεπείθωμαι
406 1990 502 2035 (sed
531 2008 605 2042 μαι
625 1991 772 2032 eadem
797 2007 927 2031 manu
958 1990 1003 2031 in
1027 2008 1098 2031 και
1127 1992 1195 2033 vel
1224 1997 1298 2045 βαι
1327 1995 1534 2046 mutatur)

85 2057 344 2110 σαγηνέσσαν
370 2063 629 2111 φιλοτατατις
658 2070 875 2111 σωψαπφα
903 2059 1009 2108 δίκη.
1063 2058 1311 2101 Secundum
1342 2062 1536 2104 codicem

83 2124 377 2166 Parisiensem
424 2125 515 2180 jam
565 2126 783 2168 malumus
827 2125 952 2165 κῶττ’
993 2125 1072 2179 ἔμῳ
1117 2126 1308 2169 seribere
1329 2158 1343 2181 7
1400 2145 1536 2186 quum

84 2192 217 2234 erasis
235 2223 248 2245 ,
294 2207 403 2249 quae
436 2193 642 2249 syllabam
671 2209 758 2235 non
789 2193 1018 2251 producit,
1068 2194 1141 2236 vix
1169 2202 1285 2236 recte
1317 2195 1445 2236 statui
1473 2196 1536 2238 vi-

87 2260 253 2303 deatur.
311 2259 486 2301 Deinde
517 2261 560 2302 in
590 2262 687 2303 loco
715 2262 995 2303 vexatissimo
1026 2263 1357 2318 proposuimus:

814 2330 902 2369 τίνα
933 2331 1052 2378 δηῦτε
1081 2330 1214 2369 πείθω

285 2391 338 2446 μὴ
369 2392 511 2443 ’σάλην
540 2396 596 2442 εἰς
629 2394 704 2436 σᾶν
735 2396 959 2449 malorena,-
1012 2397 1071 2442 τίς·
1105 2394 1149 2435 σ’
1181 2392 1215 2435 ὦ

828 2462 978 2514 ’Ψάπφ’
1010 2462 1183 2512 ἀδικήει.

85 2536 131 2571 et
160 2528 440 2586 apposuimus
473 2529 642 2585 glossas
672 2531 971 2588 Hesychianas
1003 2529 1225 2570 ιῖσάλειν
1265 2529 1350 2581 (ita
1381 2532 1531 2582 codex,

85 2596 175 2654 leg.
213 2595 376 2637 ἁσαλεῖν
408 2604 479 2636 aut
509 2596 722 2639 Lesbiaee
756 2598 963 2649 ἀσάλην),
1013 2596 1294 2650 ἀφροντιστεῖν
1323 2624 1377 2630 -
1409 2598 1536 2641 ἄπα-

86 2665 194 2705 λεῖν
224 2663 346 2718 (fort.
382 2663 562 2709 ἇσαλεῖν)
594 2672 634 2705 et
665 2663 951 2712 ἀπαλέντες
981 2666 1098 2715 (fort.
1134 2663 1392 2719 ἆσάλεντες),
1439 2668 1535 2719 ἅμε-

87 2734 277 2783 amhae,
325 2747 504 2789 quarum
532 2739 746 2788 postrema
777 2740 920 2789 aperte
950 2731 1132 2773 Aeolica
1163 2740 1240 2773 est.
1315 2733 1386 2774 Ad
1416 2734 1534 2775 verbi

88 2799 453 2841 constructionem
485 2800 633 2841 confer
664 2801 843 2853 ὑβρίζειν
874 2802 928 2847 εἷς
956 2817 1045 2839 τινα
1075 2806 1117 2840 et
1150 2799 1324 2841 similia.
