1779 3079
217 178 316 228 416
541 178 582 239 ᾗ.
619 178 698 228 49.
772 180 846 227 De
880 179 1130 228 severiore
1163 180 1360 228 Doride.

222 311 474 370 stinguitur.
555 311 678 366 Quae
719 327 808 353 non
850 328 945 355 6556
988 312 1132 354 omnia
1172 329 1194 354 e
1227 328 1392 355 summa
1421 312 1675 371 antiquitate

221 380 429 437 religiose
468 387 664 434 servata,
710 380 784 422 vix
821 396 930 439 opus
962 388 1075 422 esset
1104 381 1362 431 admonere,
1409 381 1496 423 nisi
1530 381 1582 423 C.
1616 380 1672 422 Ο.
1711 376 1714 380 ’

219 448 381 490 Miiller
410 448 663 490 Laconibus
695 448 874 490 eandem
913 449 1089 506 linguae
1129 456 1256 507 atquc
1285 465 1450 491 morum
1482 457 1525 491 et
1553 449 1676 490 insti-

219 525 410 558 tutorum
440 517 724 558 constantiam
753 517 1050 559 vindicaturus
1086 518 1132 559 in
1178 518 1359 560 diatribe
1401 518 1453 560 de
1492 517 1676 559 dialecto

220 584 409 638 Dorica,
451 601 559 643 quae
591 584 830 627 clarissimo
861 585 912 626 de
943 585 1236 628 Doriensibus
1267 587 1388 644 operi
1421 587 1562 628 addita
1593 593 1674 640 est,

1734 624 1739 633 ⁴
1727 517 1745 613 :mn-a·

218 654 359 710 magis
389 653 589 695 minusve
621 661 764 711 aperte
794 654 1111 711 significasset7
1157 661 1204 695 ut
1233 654 1444 696 Doridem
1481 669 1582 713 prae
1612 670 1678 696 re-
1727 651 1738 685 ’-

217 722 352 779 liquis
376 721 572 763 dialectis
604 722 675 771 (de
708 737 791 779 qua
821 738 866 762 rc
900 738 1028 780 supra
1060 723 1294 777 diximus),
1328 723 1384 764 ita
1416 723 1677 764 Laconicam

216 791 409 846 linguam
442 806 544 847 prae
575 790 757 846 reliquis
776 789 958 831 Doridis
989 791 1221 845 generibus
1253 790 1520 847 antiquitatis
1551 789 1678 832 laude
1735 791 1738 798 '

216 859 434 915 insignem
465 874 578 899 csse.
640 858 701 898 At
735 873 807 906 ea,
841 872 950 914 quae
980 857 1180 899 Lacones
1212 866 1359 899 eontra
1388 859 1581 916 reliquae
1613 874 1678 900 sc·
1735 859 1741 901 J

217 927 402 968 verioris
434 925 615 966 Doridis
645 940 772 965 usum
802 924 1039 981 peculiaria
1069 926 1258 980 habent,
1290 926 1434 967 onmia
1463 926 1679 983 originem

219 994 359 1052 magis
389 995 588 1035 minusve
619 999 835 1034 recentem
875 1008 975 1049 prae
1009 1009 1054 1034 se
1084 994 1243 1035 ferunt.
1316 995 1511 1052 Apparet
1555 993 1680 1051 spiri-

220 1070 310 1104 tum
343 1078 543 1119 asperum
575 1078 596 1103 6
629 1061 766 1119 sigma
797 1068 937 1102 ortum
969 1078 1094 1111 esse,
1140 1078 1226 1103 non
1258 1062 1396 1120 sigma
1426 1078 1479 1104 ex
1508 1076 1678 1118 aspero,

217 1139 264 1172 ut
294 1130 339 1172 in
371 1132 532 1181 ἕποιήἑ,
569 1131 750 1184 ὅρμαον,
784 1145 916 1186 (11111111
948 1130 1085 1185 sig-ma
1107 1130 1267 1172 aoristo
1291 1131 1430 1188 primo
1456 1130 1680 1187 proprium

218 1199 298 1253 sit3
343 1207 518 1257 apparet
559 1216 581 1253 ρ
625 1215 647 1240 6
693 1214 717 1238 σ
757 1198 1070 1253 degenerasse,
1118 1215 1227 1257 quae
1266 1199 1443 1240 mutatio
1474 1198 1601 1239 etiam
1632 1197 1679 1238 iu

216 1267 375 1309 Latina
403 1267 555 1324 lingua
588 1274 630 1308 et
659 1266 890 1308 vernacula
921 1274 1161 1324 spectatur,
1206 1273 1253 1308 ut
1295 1267 1459 1309 arhor
1499 1274 1563 1307 est
1604 1281 1680 1323 pro

217 1335 462 1393 antiquiore
493 1336 682 1389 arbos,
714 1335 949 1377 Theotisce
978 1351 1086 1376 war
1114 1350 1192 1392 pro
1222 1351 1358 1390 was3
1391 1334 1681 1376 certissimum

219 1411 312 1458 651,
365 1420 388 1445 o
427 1420 505 1461 pro
546 1410 577 1445 θ
616 1403 869 1461 depravatae
910 1403 1146 1445 elocutioni
1191 1403 1365 1456 deberi,
1416 1418 1495 1444 1166
1535 1401 1680 1442 minus

219 1473 460 1530 simplicem
494 1488 647 1513 sonum
680 1475 703 1511 ὸ·
731 1479 772 1512 et
803 1471 1141 1513 semibarbarum
1173 1473 1219 1511 (ἳό
1260 1471 1304 1511 111
1335 1471 1479 1512 10611111
1510 1471 1681 1525 elegan-

217 1541 342 1582 tioris
373 1549 414 1582 et
445 1541 611 1583 Gracco
643 1541 707 1582 ori
734 1540 901 1598 proprii
933 1543 977 1590 ζ,
1028 1539 1104 1597 qui
1134 1556 1156 1581 e
1187 1539 1239 1594 dj
1275 1539 1460 1591 coaluit,
1510 1552 1680 1578 succes-

218 1609 356 1665 sisse3
404 1609 456 1651 de
501 1625 526 1649 σ
563 1616 662 1651 ante
704 1623 917 1650 consonas
959 1609 1125 1665 abjecto
1157 1623 1244 1648 nou
1276 1606 1481 1664 estquod
1511 1621 1682 1647 monea-

217 1694 329 1720 mus.
394 1677 603 1735 Superest
635 1694 681 1718 ov
712 1693 789 1734 pro
823 1685 1005 1735 utroque
1037 1694 1060 1716 υ
1089 1675 1305 1733 positum,
1339 1690 1465 1732 quam
1496 1673 1682 1731 scriptu-

217 1763 306 1788 ram
338 1762 424 1788 non
455 1762 586 1804 posse
616 1746 668 1786 ad
703 1753 869 1802 tempus
908 1745 1055 1802 paullo
1086 1743 1307 1802 antiquius
1338 1741 1492 1784 referri
1524 1742 1628 1783 satis
1659 1757 1683 1783 a

221 1815 350 1857 nohis
383 1815 721 1856 demonstratum
753 1821 819 1855 est
849 1813 903 1854 L.
938 1812 958 1854 I
999 1815 1040 1867 ξ.
1072 1814 1153 1866 413
1201 1828 1381 1865 sonum,
1424 1810 1498 1868 qui
1530 1817 1683 1851 novata

218 1883 294 1924 illa
327 1883 550 1924 scribendi
583 1883 750 1924 ratione
783 1881 1062 1939 exprimitur,
1104 1896 1126 1921 a
1156 1880 1334 1921 Boeotis
1363 1886 1405 1920 et
1436 1877 1682 1919 Laconibus

221 1967 273 1992 ex
295 1951 551 2008 antiquitate
583 1958 797 1992 servatum
821 1965 917 1991 esse
947 1949 1134 1990 libenter
1154 1948 1447 1989 concedimus.
1473 1973 1526 1979 —
1556 1945 1682 1986 Adeo

219 2034 316 2060 cum
348 2019 491 2076 aliqua
524 2019 614 2060 veri
647 2018 789 2075 specie
821 2025 936 2058 actas
961 2017 1198 2073 computari
1224 2029 1352 2071 posse
1378 2013 1566 2064 videtur,
1598 2027 1681 2068 qua

218 2087 319 2128 illae
340 2086 598 2127 mutationes
630 2087 742 2143 apud
762 2086 960 2126 Lacones
991 2084 1176 2140 primum
1206 2082 1483 2123 invaluerint.
1532 2078 1679 2132 Quum

219 2154 336 2196 enim
367 2154 486 2196 nulla
517 2170 662 2195 carum
693 2152 745 2194 ad
766 2153 946 2194 colonos
967 2151 1231 2192 Tarentinos
1259 2147 1496 2200 transierit,
1529 2162 1678 2189 omnes

218 2231 315 2281 post
337 2223 476 2264 a.7l()
507 2222 550 2263 in
583 2237 708 2263 usum
735 2220 907 2262 venisse
940 2220 1167 2271 videntur,
1201 2226 1242 2259 et
1265 2216 1474 2258 maturius
1503 2215 1679 2272 quidem

218 2291 401 2349 reliquis
435 2307 459 2331 σ
491 2306 567 2348 pro
599 2297 653 2339 θ,
702 2304 788 2346 (1110
813 2288 904 2343 jam
937 2289 1122 2328 Alcman
1156 2302 1260 2327 usus
1293 2293 1384 2337 est,
1429 2283 1504 2341 qui
1534 2283 1680 2324 floruit
1735 2296 1737 2298 ’

220 2359 332 2402 circa
349 2359 421 2400 Ol.
441 2358 636 2400 XXVll.
684 2358 804 2398 Inter
827 2357 1081 2397 Alcmanem
1115 2363 1156 2396 et
1177 2354 1511 2409 Aristophanem
1540 2350 1679 2407 sigma

221 2427 263 2468 in
296 2443 494 2484 asperum
526 2426 677 2467 mutari
709 2433 906 2481 coeptum
940 2440 1059 2473 csse,
1102 2422 1476 2480 grammaticorum
1504 2434 1678 2477 quoquc

220 2495 478 2536 testimoniis
511 2495 608 2535 freti
640 2495 932 2535 demonstrare
973 2491 1114 2532 conati
1157 2506 1305 2531 sumus
1348 2493 1386 2541 ς’.
1417 2488 1470 2536 9,
1502 2487 1542 2528 2.
1608 2486 1681 2528 Ad
1730 2529 1731 2535 ¹

221 2563 398 2605 eandem
440 2570 618 2604 aetatem
661 2560 858 2603 retuleris
899 2561 919 2599 ὁ
961 2567 1001 2599 61
1042 2559 1088 2597 δ’ὁ
1119 2573 1196 2614 pro
1229 2560 1276 2609 ζ,
1322 2570 1504 2613 (1110111111
1544 2553 1681 2612 prima
1729 2575 1733 2579 ⁴

220 2631 415 2687 exempla
455 2630 569 2687 apud
601 2629 938 2686 Aristophanem
982 2634 1082 2667 sunt
1121 2633 1163 2666 et
1203 2624 1450 2681 Epilycum.
1525 2621 1680 2663 Paullo

220 2699 452 2741 recentiori
485 2698 610 2739 aetati
643 2698 875 2738 tribuimus
909 2712 932 2735 σ
964 2695 1007 2735 111
1040 2712 1062 2747 ρ
1095 2699 1330 2743 mutatum,
1376 2690 1500 2746 cujus
1544 2704 1678 2746 quum

222 2768 333 2824 apud
376 2767 713 2824 Aristophanem
757 2765 936 2806 unicum
992 2761 1235 2818 exemplum
1286 2758 1439 2811 παλεὸρ
1494 2756 1678 2815 legatur,
