1779 3079
305 210 404 260 518
703 207 929 269 Addenda,
961 216 1007 253 et
1043 205 1351 271 Corrigenda.

307 361 457 389 manco
486 345 782 403 patronymico
816 377 823 384 .
860 375 869 385 .
907 376 916 385 .
949 360 1161 396 οστροτιος
1190 342 1310 388 (fort.
1342 342 1678 396 Λαμοστρότιος)
1706 344 1751 386 in

307 414 503 470 ejusdcm
534 412 652 455 tituli
683 412 834 461 initio,
881 411 996 469 quod
1027 411 1139 470 apud
1173 411 1312 453 solum
1342 411 1553 453 Leakium
1585 418 1714 453 extat.

417 482 544 539 Pag.
569 480 650 523 179
680 479 711 521 l.
735 480 776 521 3.
811 478 994 537 Corrige
1023 481 1273 532 Τιμασίθιος
1302 495 1398 521 cum
1429 478 1576 520 Reilio
1599 478 1748 521 Anall.

304 567 349 608 p.
383 550 479 592 149.
568 547 689 590 Idem
732 563 887 590 nomen
933 547 1176 605 supplendo
1220 546 1361 589 effecit
1407 545 1585 588 Curtius
1626 562 1694 587 nr.
1723 546 1753 590 8

314 617 618 670 Τιμασ[ι’θ]ιος.
714 615 840 657 Adde
882 623 1100 673 praeterea
1153 617 1351 668 Θιογίτων
1391 615 1528 658 Leak.
1580 630 1647 657 nr.
1678 613 1751 669 37,

312 687 420 727 Θέων
451 685 574 727 Curt.
617 700 684 726 nr.
707 684 759 736 7,
812 684 928 740 quod
958 699 1114 726 nomen
1147 683 1273 726 etiam
1303 683 1437 725 Leak.
1471 699 1538 724 nr.
1561 682 1616 725 37
1644 682 1677 725 l.
1699 681 1754 725 32

304 769 382 811 pro
422 755 546 794 ΟΙΩ.
578 750 922 804 restituendum,
962 751 1215 803 Κλιάρετος,
1260 758 1308 792 ut
1337 750 1498 792 ibidem
1536 750 1564 791 1.
1589 750 1645 793 29
1673 764 1754 807 pro

303 824 674 863 ΚΑΙΑΡΕΤΟΣ
715 817 1015 871 scribendum,
1076 817 1269 871 ἁδελφιός
1326 818 1370 859 in
1418 817 1610 876 Copensi
1657 816 1750 859 Ulr.

306 905 354 946 p.
386 889 469 931 203
501 896 583 930 etc.

417 980 469 984 ἡ
501 957 531 997 l.
564 955 634 997 23.
695 953 824 994 Adde
856 954 1069 1006 Meyamag
1099 952 1233 994 Leak.
1274 968 1341 993 nr.
1374 954 1443 996 37.

414 1023 482 1064 Pa
497 1039 539 1080 g.
574 1021 655 1064 180
694 1020 765 1062 in.
826 1020 1012 1063 Accedit
1048 1021 1173 1063 Νέων
1209 1019 1376 1062 Lebad.
1421 1035 1488 1061 nr.
1525 1020 1579 1062 33
1616 1018 1750 1061 Leak.

300 1090 518 1131 Addimus
562 1089 633 1131 hic
672 1088 937 1147 singularem
980 1088 1238 1147 diphthongi
1281 1103 1316 1128 ει
1357 1103 1436 1145 pro
1476 1103 1494 1128 ε
1534 1102 1660 1129 usum
1708 1088 1755 1130 in

309 1157 552 1208 Θεισπιεύς,
596 1173 722 1215 quam
753 1158 932 1199 formam
972 1173 996 1198 a
1026 1156 1248 1199 Boechhio
1287 1154 1333 1196 in
1364 1170 1431 1196 nr.
1466 1155 1574 1198 1593
1605 1156 1755 1213 expul-

303 1242 391 1268 sam
421 1226 464 1267 in
498 1226 596 1284 ipso
625 1225 770 1283 lapide
801 1232 945 1267 extare
974 1232 1154 1266 testatur
1184 1223 1434 1266 Ulriehsius
1465 1239 1510 1282 p.
1546 1223 1627 1267 188
1671 1239 1754 1266 nec

300 1294 444 1336 minus
476 1293 522 1335 in
551 1293 678 1335 titulo
709 1293 836 1335 Ptoio
876 1309 920 1351 p.
954 1294 1052 1335 247.
1140 1292 1284 1348 Magis
1324 1292 1450 1333 etiam
1491 1290 1647 1333 mirum
1688 1299 1755 1334 est

300 1361 644 1419 patronymicum
688 1360 1107 1414 Edozvptecddvztoc,
1169 1360 1286 1419 quod
1342 1359 1458 1401 idem
1510 1359 1557 1401 in
1602 1359 1753 1402 eodem

300 1429 427 1471 Pto'1'o
458 1429 597 1488 legit,
645 1430 675 1471 i.
711 1445 748 1471 c.
782 1428 1140 1482 ’Λστυμεόόντιος.
1231 1428 1435 1471 Errorem
1477 1427 1664 1486 legentis
1707 1425 1754 1469 in

299 1498 377 1538 hac
409 1497 583 1555 quidem
615 1513 721 1540 voce
752 1513 837 1540 non
868 1496 1012 1539 minus
1045 1497 1242 1554 suspicor
1284 1511 1411 1554 quam
1441 1495 1487 1537 in
1517 1495 1752 1550 similibus,

302 1565 354 1606 de
384 1565 544 1622 quibus
577 1565 766 1608 diximus
795 1566 849 1607 L.
871 1565 914 1606 ΙΙ
946 1567 986 1618 ξ.
1009 1566 1090 1619 22,
1123 1566 1161 1607 7.
1230 1564 1497 1607 Ulrichsium
1526 1563 1572 1605 in
1602 1563 1752 1606 eodem

299 1632 427 1675 titulo
458 1633 633 1692 saepius
665 1634 751 1676 iota
784 1633 1002 1675 addidisse
1042 1633 1154 1675 infra
1195 1631 1443 1674 notabimus
1484 1630 1538 1673 ad
1575 1647 1620 1689 p.
1652 1630 1751 1674 215.

300 1700 403 1742 Alia
444 1701 530 1743 iota
561 1716 703 1742 errore
735 1701 1069 1743 describentium
1102 1700 1256 1742 inserti
1287 1700 1481 1758 exempla
1510 1698 1608 1741 vide
1638 1699 1754 1757 apud

298 1767 566 1810 Bocckhium
604 1769 657 1810 ad
695 1784 760 1810 nr.
797 1768 920 1810 1564.
983 1768 1239 1826 Quanquam
1273 1785 1337 1810 ιου
1367 1783 1446 1826 pro
1479 1784 1551 1815 ov,
1584 1784 1606 1807 υ
1634 1767 1754 1825 posi-

298 1843 387 1877 tum
420 1852 536 1878 nunc
566 1836 710 1878 minus
741 1837 1007 1878 confidenter
1036 1836 1227 1877 damnari
1259 1851 1389 1894 posse
1418 1835 1616 1885 videtur,
1663 1833 1750 1888 vid.

300 1919 452 1960 seqq.‚
497 1912 538 1945 ct
570 1903 803 1958 Πινδάριος
837 1904 1018 1946 Corinn.
1053 1905 1130 1958 12,
1164 1905 1279 1961 qnod
1311 1920 1405 1945 cum
1436 1902 1656 1945 Boeckhio
1685 1917 1751 1944 re·

296 1970 509 2025 jecimus,
548 1973 733 2013 sortasse
765 1972 1042 2013 confirmatur
1073 1972 1382 2029 epigrammate
1412 1970 1526 2028 apud
1557 1968 1749 2011 Boeckh.

299 2038 474 2079 Pindar.
508 2038 550 2079 II
582 2055 625 2096 p.
647 2040 699 2080 10
729 2047 770 2080 et
792 2039 991 2080 Eustath.
1026 2039 1226 2080 Proocm.
1260 2038 1389 2079 Pind.
1425 2053 1466 2094 p.
1487 2037 1539 2079 16
1570 2036 1751 2079 Schnei-

300 2105 411 2147 dcw.
496 2105 604 2147 Nam
638 2106 872 2147 secundum
907 2121 1075 2148 versum
1109 2105 1310 2145 ἔκλαυσαν
1341 2107 1499 2145 πινυταὶ
1534 2104 1751 2158 Πινδάρου

298 2174 520 2228 θυγατέρες
551 2172 912 2216 Schneidcwiuus
943 2175 1104 2214 recenti
1144 2178 1295 2230 poetae
1327 2173 1567 2226 condonat,
1618 2173 1748 2230 pleri-

299 2256 384 2298 que
416 2240 738 2298 transponcudo
775 2257 924 2282 sanare
963 2248 1269 2298 praeoptariuit
1303 2240 1518 2293 Πινδάρου
1548 2240 1750 2281 ἔκλαυσαν

299 2309 518 2362 θυγατέρες
549 2310 723 2348 mvn-tal.
800 2309 918 2362 Quid
948 2325 1079 2357 vcro„
1123 2308 1159 2349 si
1192 2308 1397 2365 scriptum
1432 2308 1560 2349 fucrit
1592 2309 1751 2349 Πινδα-

300 2378 390 2429 ριόυ
421 2376 657 2430 θυγατρεςῖ)
725 2376 870 2417 Aliam
901 2378 1109 2418 medelam
1142 2375 1338 2417 adhibuit
1369 2375 1613 2417 Meinekius
1645 2375 1746 2418 Del.

301 2444 435 2484 Anth.
471 2460 512 2501 p.
540 2444 621 2486 239
642 2474 653 2496 ,
703 2446 932 2496 Πινδαριόυ
964 2445 1015 2485 ab
1040 2445 1214 2501 Ungcro
1237 2443 1379 2485 Theb.
1413 2443 1568 2485 Parad.
1602 2460 1643 2501 p.
1667 2443 1746 2486 321

300 2520 396 2553 ante
429 2527 506 2552 nos
539 2512 757 2554 inventum
790 2527 1015 2568 spernens.

410 2579 562 2621 Boeoti
593 2595 688 2621 cum
719 2579 897 2621 Lesbiis
927 2588 967 2621 ct
999 2580 1288 2621 Doricnsibus
1321 2578 1427 2633 (vid.
1463 2578 1516 2619 L.
1542 2579 1580 2619 ΙΙ
1612 2578 1652 2632 ξ.
1676 2578 1745 2631 17,

299 2648 342 2696 5)
384 2647 513 2699 ὅνυμα
544 2647 776 2700 dixerunt,
818 2648 934 2705 quod
970 2655 1136 2704 practer
1168 2646 1395 2699 ὠνούμηνεν
1427 2647 1529 2688 Cor.
1563 2647 1589 2687 4
1618 2661 1747 2704 appa·

299 2722 362 2757 ret
405 2730 457 2756 ex
500 2714 766 2767 Ὠνύμαστος
811 2715 990 2762 (rectius
1031 2715 1306 2767 ’()νι’1μαστος)
1360 2714 1404 2755 in
1448 2714 1574 2755 titulo
1619 2713 1746 2756 Ρῐοὶο

302 2781 394 2824 Ulr.
431 2799 472 2839 p.
507 2783 602 2825 247.
