1779 3079
213 218 313 267 210
753 219 827 264 De
856 216 1117 266 vocalibus.

215 353 340 396 3048.
361 352 486 395 3049.
511 350 624 394 3058
643 350 697 393 ab
721 351 854 403 ὁρμέω
875 367 952 409 pro
975 350 1143 405 ὁρμάω,
1175 350 1262 392 vid.
1285 352 1325 405 ξ.
1352 352 1423 405 38,
1447 352 1492 405 4,
1522 353 1666 395 minus

216 427 331 463 certe
360 420 666 472 πολεμιόν(τας)
697 419 804 458 25ῧᾶ
823 452 832 465 ,
864 419 946 473 24,
977 418 1133 460 deinde
1163 419 1306 461 futura
1338 421 1530 473 ἐμμενίω,
1563 425 1667 474 βοα-

215 490 380 538 θησίω,
426 487 652 540 προλειψίω
691 486 828 535 2554,
863 487 944 529 197
974 502 1127 545 seqq.‚
1187 489 1439 539 πραξιόμεν,
1483 488 1667 542 χαριξιό·

215 563 350 609 petia,
412 556 654 608 φυλαξιόμεν
691 554 828 607 3048,
888 556 969 596 hoc
1007 555 1133 597 etiam
1173 554 1298 598 3058.
1375 555 1548 597 Deinde
1579 571 1667 597 non

214 624 403 665 alienum
434 637 530 664 esse
561 621 730 664 videtur
761 623 880 674 ἴωμεν
909 622 1018 665 3058
1048 638 1126 680 pro
1158 622 1310 676 ἔσιμεν,
1356 639 1498 680 neque
1537 624 1668 676 ἇμίων

214 692 324 735 3047
355 707 378 733 e
409 690 613 732 Sherardi
640 690 849 738 lectione,
883 706 1015 747 quum
1045 690 1292 733 Boeckhius
1319 690 1669 732 Chishullianum

217 760 350 812 ἁμέων
388 758 614 817 receperit.
674 756 766 798 Nee
807 758 963 799 mirum
1001 766 1066 800 est
1095 774 1172 815 pro
1202 758 1455 800 conditione
1485 758 1670 800 istorum

213 828 464 879 titulorum,
513 825 630 883 quod
659 825 704 866 in
737 824 793 866 iis
821 825 935 866 haud
966 842 1100 883 pauca
1129 827 1342 868 contraria
1375 826 1666 884 reperiuntur,
1726 860 1737 872 λ

215 911 303 938 non
343 895 482 937 solum
525 909 635 951 quae
666 892 811 933 Attica
852 893 1145 934 contractione
1184 901 1380 943 utantur,
1428 894 1502 936 sed
1541 893 1669 935 etiam

215 979 326 1022 quae
358 979 375 1004 ε
404 961 643 1013 retineant,
693 967 741 1001 ut
770 975 836 1000 nr.
868 960 1008 1014 2554,
1039 961 1109 1002 71.
1141 961 1196 1002 72
1240 962 1444 1002 maioma
1476 969 1518 1002 et
1547 960 1671 1003 ὠνεό-

217 1047 355 1083 ¹tufuov,
388 1030 417 1070 l.
437 1029 535 1071 202.
559 1028 643 1071 203
675 1026 906 1082 εὐορκεόντι
934 1036 976 1070 et
1007 1029 1242 1082 ἑφορκεόντι
1260 1059 1272 1080 ,
1304 1045 1370 1070 nr.
1392 1028 1502 1071 3048
1528 1027 1669 1081 ἕωμεν,

215 1115 281 1140 nr.
317 1097 427 1139 3047
458 1097 703 1148 ἐπαινέομεν.
783 1095 949 1138 Eodem
980 1096 1162 1138 traxeris
1194 1096 1434 1153 genitivum
1473 1098 1617 1148 τίριο
1632 1113 1671 1149 ς,

219 1166 399 1220 θέρους·
434 1167 594 1217 Κρῆτες
625 1163 820 1220 Hesych.

328 1232 558 1274 Accedunt
589 1231 761 1289 glossae
794 1231 1000 1289 quaedam
1034 1232 1243 1289 Hesychii
1263 1263 1275 1285 ,
1320 1249 1429 1291 quae
1460 1233 1512 1274 ad
1543 1248 1672 1291 quem

214 1301 422 1360 populum
451 1299 662 1342 Doricum
696 1299 965 1358 pertineant,
997 1315 1084 1341 non
1115 1309 1228 1342 certo
1261 1309 1454 1343 constat:
1499 1301 1673 1354 μογεί-

218 1387 328 1412 υντι
358 1369 464 1426 (leg.
495 1369 716 1420 μογιόντι),
749 1370 945 1420 μογοῦσι·
978 1370 1160 1422 Λωριῡῖς
1189 1394 1239 1400 --
1273 1372 1537 1421 πονιῶμευ
1565 1369 1670 1425 (leg.

215 1435 462 1492 πονίωμεν),
523 1438 707 1487 πονῶμεν
750 1462 804 1468 ——
846 1435 1167 1489 γηλιώμενοι
1212 1437 1325 1495 (leg.
1372 1435 1671 1489 Fulmineum),

217 1505 493 1560 κατεχόμενοι.
555 1503 652 1545 Hoc
684 1511 747 1546 est
775 1519 854 1561 pro
886 1504 1052 1560 vulgari
1082 1504 1326 1556 εἱλούμενοι,
1368 1504 1455 1545 vid.
1487 1504 1529 1556 ξ.
1564 1504 1615 1553 5,
1646 1504 1674 1547 8

217 1582 258 1616 et
287 1573 329 1626 ξ.
361 1572 443 1627 20,
475 1572 530 1626 G,
576 1579 619 1613 et
648 1572 847 1614 Italicum
890 1587 984 1613 esse
1023 1572 1221 1625 videtur,
1270 1573 1307 1615 si
1353 1587 1574 1629 compares
1616 1572 1674 1613 si-

217 1641 446 1684 millimum
476 1639 745 1693 μετριώμενος
776 1640 821 1681 in
851 1639 1011 1681 tabulis
1043 1639 1426 1682 Heracleensibus.

331 1709 415 1751 His
458 1707 715 1765 comparatis
759 1707 945 1765 primum
987 1715 1192 1766 apparet,
1253 1724 1378 1765 quam
1427 1722 1513 1748 non
1559 1713 1674 1748 recte

218 1778 415 1820 noenius
445 1777 497 1818 ad
528 1776 713 1834 Gregor.
747 1793 790 1834 p.
822 1775 929 1824 225,
979 1776 1053 1833 qui
1096 1784 1137 1818 et
1178 1775 1286 1817 alios
1317 1775 1475 1816 multos
1505 1773 1675 1817 seduxit

218 1854 259 1887 et
289 1844 624 1888 Valckenarium
669 1844 722 1885 ad
760 1843 906 1885 Adon.
949 1860 990 1901 p.
1024 1845 1107 1887 264
1145 1851 1272 1900 atque
1316 1841 1585 1885 Lobeckium
1622 1841 1675 1882 ad

217 1913 382 1954 Buttm.
418 1913 492 1955 Gr.
530 1911 605 1953 Gr.
649 1912 691 1952 II
732 1928 775 1968 p.
809 1912 915 1963 391,
963 1912 1076 1969 apud
1108 1911 1347 1952 Dorienses
1388 1911 1516 1952 verba
1546 1909 1590 1951 in
1621 1925 1674 1950 εω

219 1982 349 2037 vulgo
392 1979 591 2022 exeuntia
629 1979 742 2020 dicat
781 1979 825 2018 in
872 1996 949 2019 ιαω
991 1979 1208 2019 terminari
1251 1985 1298 2018 ut
1328 1979 1569 2032 ἐμετριῶμες
1597 1992 1675 2033 pro

221 2050 459 2100 ἐμετροῦμεν
489 2054 570 2087 ete.
592 2077 604 2099 ,
637 2047 762 2101 cnjus
794 2046 905 2101 legis
938 2045 983 2085 in
1013 2046 1192 2101 gratiam
1213 2044 1433 2087 Laconica
1464 2044 1676 2086 nonnulla

221 2116 263 2156 in
297 2115 537 2172 Lysistrata
568 2114 832 2168 conjecturis
862 2121 1020 2154 tentata
1050 2121 1176 2166 sunt,
1208 2122 1254 2154 ut
1275 2116 1500 2167 μογιῶμες,
1535 2117 1676 2167 λυχνο-

222 2187 444 2237 <pomona
487 2190 528 2224 et
568 2181 650 2222 alia
694 2181 1000 2222 scriberentur.
1079 2180 1151 2221 Ad
1189 2181 1536 2223 terminationem
1578 2197 1673 2228 ιαω,

222 2268 330 2308 quae
378 2266 479 2293 sane
525 2250 569 2290 in
610 2249 848 2291 recentiore
892 2248 1164 2306 potissimum
1204 2249 1445 2292 Graecitate
1488 2247 1675 2290 subinde

223 2336 299 2377 pro
338 2335 388 2360 εω
428 2333 521 2360 esse
560 2317 729 2359 videtur
768 2316 875 2363 (vid.
920 2317 1110 2358 Lobeck.
1155 2317 1184 2358 l.
1217 2315 1301 2371 l.)‚
1359 2324 1473 2359 reete
1511 2316 1675 2358 reseres

223 2389 567 2441 λειοστρακιῶσιιι
593 2384 750 2442 Sophr.
776 2385 851 2433 52,
885 2392 931 2425 ut
959 2385 1214 2442 scripsimus
1244 2401 1323 2442 pro
1344 2387 1673 2438 -λειοτριχιῶσαι,

223 2472 246 2497 a
277 2454 542 2507 λειόστρακος
571 2460 617 2493 ut
647 2454 832 2507 ἐρυθριῶ
865 2451 916 2492 ab
949 2452 1154 2504 ἐρυθρόςε
1178 2453 1275 2494 ’sed
1312 2453 1355 2494 in
1401 2450 1612 2508 exemplis
1652 2465 1675 2492 e

225 2522 439 2564 severiore
454 2521 619 2563 Doride
650 2537 777 2578 supra
803 2520 1038 2577 propositis
1065 2536 1152 2561 rem
1178 2522 1307 2576 longe
1334 2520 1458 2561 aliter
1475 2534 1570 2561 esse
1590 2519 1675 2575 pri-

226 2607 339 2632 mum
370 2590 470 2631 inde
509 2589 768 2647 perspicies,
821 2588 937 2644 quod
968 2604 1189 2645 nunquam
1222 2591 1388 2641 μετριῆν
1418 2586 1484 2628 vel
1516 2585 1676 2628 similia

226 2658 520 2716 reperiuntur,
554 2657 709 2698 deinde
743 2656 857 2714 quod
891 2656 1143 2712 saepissime
1174 2657 1219 2698 in
1252 2655 1389 2697 titulis
1420 2662 1461 2697 et
1490 2654 1613 2696 libris
1637 2671 1676 2695 ιο

225 2727 411 2783 leg-itur,
444 2726 517 2767 ubi
551 2725 622 2767 illa
655 2724 761 2766 ratio
785 2742 832 2764 ιω
854 2724 1120 2781 postularet,
1152 2732 1242 2768 unu
1263 2723 1362 2781 quia
1389 2721 1561 2765 eaedem
1585 2738 1677 2763 mu·

226 2794 406 2834 tationes
440 2793 481 2833 in
516 2793 673 2834 suturis
704 2800 743 2834 ct
774 2791 1103 2849 pronominibus
1136 2798 1408 2852 spectantur,
1458 2797 1677 2847 postremo
