1779 3079
229 222 326 271 312
715 222 787 267 De
824 218 1170 283 conjugatione.

229 359 363 408 2525,
394 357 450 411 b,
509 359 643 407 τίθῃτι
681 355 841 415 Delph.
880 357 935 400 67
974 355 1030 398 R.
1074 363 1117 398 et
1157 354 1252 397 Ulr.
1306 371 1347 412 p.
1389 353 1472 408 67,
1531 355 1673 409 ἀφίητι
1739 389 1757 424 4

229 426 364 467 Phoe.
397 425 452 468 73
467 424 544 477 R.,
579 426 688 465 ἴσατι
719 433 760 466 et
789 423 1009 466 ἀποὸίὸωτι
1037 423 1206 476 Brute,
1239 424 1337 475 (pati
1363 422 1671 478 Acharn.737,
1729 467 1732 471 ,

230 492 296 542 ήτί
322 493 468 534 Alam.
500 492 546 534 in
576 493 695 533 Anu.
730 492 841 534 oxx.
875 492 920 544 I,
951 490 1056 544 190,
1088 490 1143 533 20
1175 489 1254 545 (cf.
1284 487 1359 540 ἤσι
1388 489 1549 548 sapph.
1579 491 1671 542 48).

229 560 341 602 Mira
370 562 505 602 forma
548 568 613 602 est
653 559 924 601 ἀναδείκνυντι
955 558 1072 599 Cret.
1106 558 1243 611 3050,
1286 573 1470 615 quaeum
1512 559 1673 616 optime

228 627 420 670 concinit
456 629 616 681 βίβαντι
654 628 779 669 tertia
813 626 1047 685 singularis
1077 625 1123 666 in
1155 625 1458 682 epigrammate
1489 626 1674 684 quodam

226 694 471 748 Laconico,
499 695 587 737 vid.
622 695 824 753 Append.
843 728 852 743 ‚
886 703 926 736 et
957 695 1059 743 ἐντί,
1092 694 1207 750 quod
1238 694 1312 750 qui
1343 692 1550 735 Doridem
1579 694 1675 735 imi-

226 769 394 814 tantur,
437 778 517 820 pro
547 763 632 804 ἐστι’
662 764 939 821 frequentant
977 760 1065 801 vid.
1099 761 1140 813 ξ.
1174 762 1243 803 39.
1304 761 1511 817 Plebejae
1540 762 1676 820 igitur
1736 765 1753 790 '⁸‘

224 830 484 873 elocutionis
524 830 629 871 vitio
669 830 792 871 tertia
832 827 1070 885 singularis
1111 836 1152 869 et
1190 829 1314 870 tertia
1352 830 1534 886 pluralis
1575 846 1673 871 con·

223 899 345 941 fusae
376 913 472 940 esse
500 897 715 939 videntur.
788 895 898 937 Cum
941 895 1059 948 illis,
1106 911 1215 952 quae
1249 915 1267 936 ν
1298 896 1518 947 inserunt,
1562 913 1674 940 com-

221 982 371 1024 parare
409 963 555 1022 possis
596 965 718 1004 τεῖνόε
748 979 824 1021 pro
854 964 955 1004 τεῑδε
986 962 1070 1003 vid.
1103 962 1145 1015 ξ.
1178 963 1258 1013 44,
1291 964 1331 1004 1.

336 1068 519 1110 Brevior
548 1069 684 1109 forma
714 1068 824 1108 τιθεῖ
851 1074 893 1107 et
925 1067 1033 1107 διδοῖ
1062 1067 1241 1115 (rectius
1264 1069 1368 1108 τίθει
1390 1075 1431 1109 et
1453 1069 1556 1109 δίδοι
1582 1068 1671 1110 vid.

225 1138 333 1177 diss.
370 1145 504 1178 nostr.
541 1136 593 1177 de
623 1136 740 1191 conj.
774 1135 818 1176 in
848 1152 892 1186 μι
921 1150 964 1191 p.
1002 1134 1098 1187 16),
1131 1149 1240 1191 quae
1271 1133 1315 1175 in
1347 1135 1445 1176 aliis
1479 1136 1675 1178 dialectis

220 1204 543 1261 frequentatur,
592 1218 805 1259 nusquam
848 1201 1031 1259 legitur,
1087 1202 1137 1242 de
1170 1202 1356 1243 secunda
1387 1218 1573 1260 persona
1604 1220 1675 1261 pa·

220 1288 313 1313 rum
359 1279 540 1313 constat.
617 1271 704 1311 Pro
753 1272 846 1318 ἴσης·
887 1269 1074 1311 Theocr.
1119 1269 1245 1321 XIV,
1279 1270 1333 1311 34
1377 1271 1528 1327 optimi
1572 1272 1675 1314 libri

222 1341 333 1387 ἴσαις
363 1340 595 1396 praebent,
643 1338 759 1395 quod
791 1345 862 1378 aut
891 1337 936 1378 in
967 1339 1059 1388 ἴσᾳς
1089 1337 1336 1378 mutandum
1368 1346 1431 1379 est
1471 1347 1517 1380 ut
1557 1343 1674 1392 ἱστᾷς

221 1406 398 1458 (rectius
441 1404 602 1461 ἵστᾳς),
645 1414 717 1447 aut
756 1405 896 1462 ipsum
939 1404 1211 1446 retinendum
1253 1413 1331 1447 est.
1401 1406 1520 1447 Haec
1558 1407 1673 1449 enim

222 1474 442 1516 scribendi
482 1475 618 1525 ratio,
664 1488 774 1530 quae
814 1472 857 1514 in
891 1473 1103 1513 Lesbiaca
1135 1472 1318 1513 dialecto
1350 1473 1523 1514 disertis
1553 1476 1672 1516 testi-

220 1542 379 1583 moniis
407 1542 649 1597 postulatur
688 1541 776 1582 vid.
807 1541 861 1581 L.
895 1540 914 1580 I
960 1542 999 1594 ς’.
1033 1539 1115 1591 26,
1147 1540 1200 1591 5,
1246 1540 1290 1580 in
1322 1540 1469 1582 loniea
1501 1557 1673 1599 quoque

221 1617 264 1651 et
292 1608 452 1650 Dorica
484 1608 680 1650 dialectis
711 1608 1004 1664 reliquorum,
1050 1610 1179 1655 τίθεις
1209 1616 1250 1649 et
1281 1609 1434 1662 δι’δοις,
1474 1610 1672 1666 analogia

221 1675 544 1718 commendatur
573 1677 661 1717 vid.
695 1676 800 1717 diss.
835 1675 886 1717 de
917 1676 1034 1730 conj.
1069 1676 1113 1716 in
1144 1693 1189 1726 μι
1216 1691 1258 1732 p.
1292 1676 1359 1717 16.
1420 1676 1470 1717 In
1503 1677 1672 1719 duobus

220 1744 444 1802 pejoribus
488 1743 611 1785 libris
650 1752 716 1785 est
755 1746 871 1792 ἴσας,
933 1743 1050 1802 quod
1090 1743 1257 1799 vulgari
1291 1749 1405 1793 ἵστης
1435 1745 1670 1802 responde-

219 1820 298 1853 ret.
361 1812 568 1869 Vulgaris
606 1812 735 1854 lectio
775 1813 866 1860 ἴσης
899 1819 1073 1868 propter
1108 1829 1129 1860 η
1161 1827 1247 1852 non
1278 1809 1487 1854 Doricum
1519 1812 1670 1855 intole-

220 1878 369 1919 rabilis
405 1886 481 1920 est.

330 1980 374 2030 2)
435 1978 851 2034 Conjunctivus
883 1978 1080 2035 stirpium
1111 1980 1155 2019 in
1187 1997 1211 2018 α
1232 1978 1478 2020 exeuntium
1509 1979 1670 2038 ubique

219 2046 553 2087 contractionem
584 2045 757 2101 patitur.
821 2045 1012 2085 Primum
1046 2063 1105 2085 αω
1145 2046 1299 2103 (prima
1337 2047 1575 2103 singulari,
1624 2049 1670 2090 ni

221 2114 373 2165 fallor,
416 2120 610 2170 excepta)
654 2112 696 2152 in
741 2113 765 2152 ἆ
805 2111 964 2153 Dorico
1007 2113 1255 2154 coalescunt
1293 2114 1379 2154 vicl.
1426 2115 1467 2167 ξ.
1499 2117 1582 2168 24,
1622 2117 1665 2167 4,

220 2181 292 2222 ubi
337 2180 530 2237 exempla
570 2180 820 2221 attulimus:
883 2183 1009 2231 βᾶμες
1054 2181 1240 2222 Theoer.
1283 2181 1386 2235 XV,
1419 2183 1498 2234 22,
1545 2186 1668 2235 ᾳιᾶντι

224 2249 395 2289 lleracl.
431 2249 467 2300 l,
499 2248 578 2300 68,
612 2248 811 2287 &uotam
844 2246 959 2288 Cret.
983 2248 1109 2299 2556,
1132 2250 1212 2299 (38,
1246 2251 1377 2289 ιἰῖᾶνῐι
1399 2249 1513 2291 Cret.
1536 2251 1663 2304 3053,

219 2316 391 2368 θάμᾰθα
433 2315 588 2373 Sophr.
631 2316 699 2355 42.
788 2314 947 2355 Contra
997 2315 1207 2357 dubitatio
1246 2316 1388 2374 aliqua
1430 2325 1519 2371 est,
1579 2334 1666 2375 quo

218 2384 344 2424 modo
386 2401 437 2432 αη
479 2399 499 2424 a
533 2382 724 2424 Doribus
755 2382 980 2436 conjuncta
1015 2383 1117 2423 sint.
1191 2383 1308 2424 Olim
1340 2393 1514 2441 propter
1542 2385 1664 2442 ἐπιβῇ

220 2451 390 2492 Ilei-ael.
426 2450 472 2502 I,
504 2450 558 2492 80
606 2457 645 2490 et
678 2447 830 2504 ἀναστῇ
861 2449 1044 2490 Theoer.
1083 2451 1131 2500 Ι,
1165 2452 1216 2491 52
1249 2453 1483 2493 seeundum
1515 2452 1661 2494 verbo·

219 2534 308 2557 rum
344 2526 656 2559 ‹enno-actorum
690 2516 929 2574 analogiam
965 2536 982 2566 ν,
1020 2534 1070 2558 ex
1103 2536 1151 2568 w]
1187 2518 1279 2561 fieri
1304 2519 1659 2561 existimavimus.

222 2685 324 2719 unffi,
352 2683 396 2716 26
421 2683 467 2715 dc
493 2684 626 2723 δίδωτι,
653 2683 790 2724 τίθη-τι,
820 2681 1018 2712 Herodian.
1050 2681 1082 2713 in
1113 2682 1155 2715 ll.
1185 2683 1238 2714 Ad
1282 2683 1361 2720 207,
1383 2683 1403 2714 b
1425 2689 1459 2714 et
1490 2682 1657 2725 Append.

218 2740 272 2772 121.
299 2740 344 2773 G.
375 2742 462 2781 662,
490 2741 532 2773 22
558 2740 604 2773 de
630 2740 728 2779 ᾳατὶ,
752 2738 886 2777 δίδωτι,
917 2740 1008 2770 Anu.
1031 2742 1128 2771 Uxx.
1158 2738 1226 2779 lv,
1252 2741 1319 2774 353
1346 2739 1392 2771 ‹le
1413 2739 1515 2778 φατὶ,
1543 2740 1657 2783 Greg.

216 2798 255 2827 (⁸.
284 2799 361 2830 217.
392 2800 456 2832 255
482 2806 550 2831 etc,
