1779 3079
560 225 635 271 Ad
669 224 882 271 Librum
916 223 1208 272 Secundum.
1515 222 1613 271 577

165 343 260 385 dem
290 342 512 401 apposito:
565 343 620 391 ὤς
653 344 673 384 ὁ
704 345 773 395 μὲν
804 342 979 396 ἀτρέμας
1010 341 1096 383 εὗδε
1136 343 1268 397 πάῖηρ
1303 342 1378 383 ἀνὰ
1412 342 1613 396 Γαργάρῳ

165 411 292 463 ἄκρῳ.
353 410 463 452 Nam
495 410 681 468 epitheta
714 410 841 462 ἄκρος
871 417 911 451 et
938 409 1160 463 ‹Zydvmcpog
1191 410 1237 451 id
1259 411 1465 463 efficiunt,
1498 410 1614 467 quod

161 477 412 520 Macrobius
445 478 681 520 contendit.

276 546 404 603 Pag.
438 546 521 588 458
561 546 624 586 fr.
660 544 753 586 131.
825 543 992 585 Versus
1038 543 1255 596 ἀνωνύμως
1296 545 1456 601 legitur
1493 544 1612 585 Ann.

164 612 277 654 Oxx.
309 614 389 663 IV,
422 614 532 666 253,
563 614 642 664 29,
675 611 749 652 ubi
781 610 849 651 τὸν
882 610 1013 663 σοᾳὸν
1046 612 1190 663 ἄνδρα.

275 681 384 737 Pag.
413 681 492 721 471
528 688 635 720 not.
661 679 729 720 57.
756 678 1283 736 leg.Commcndatur
1307 678 1614 736 proEmcnd.

274 749 400 803 Pag.
434 746 517 789 476
556 748 619 787 l'r.
657 746 751 789 105.
813 746 909 787 Hoc
951 746 1240 802 fragmentum
1283 746 1430 787 addidi
1461 745 1618 802 Grysa-

164 832 257 856 rum
290 822 527 873 sequutus,
562 815 687 870 cujus
721 813 966 855 dissertatio
999 814 1050 854 de
1084 812 1337 870 Sophrone,
1383 829 1513 870 quum
1544 813 1618 853 diu

162 883 320 924 frustra
350 882 540 939 quaesita
573 883 745 923 tandem
778 881 1106 923 Schneidewini
1138 880 1222 922 mei
1254 896 1355 922 cura
1392 882 1437 921 in
1469 896 1621 922 manus

164 967 279 992 meas
310 950 604 1008 pervenisset,
638 950 749 991 nihil
781 950 899 992 aliud
930 949 1152 991 continere
1184 948 1275 989 visa
1307 955 1399 996 est,
1433 963 1518 1004 quo
1551 949 1621 989 hic

165 1018 339 1076 quidem
370 1019 432 1060 uti
461 1018 622 1060 liceret.
677 1018 891 1059 Consulto
915 1017 1141 1059 omisimus
1168 1017 1474 1073 fragmentum,
1507 1016 1622 1072 quod

164 1102 262 1127 cum
292 1086 518 1128 Huschkio
549 1087 601 1127 de
632 1087 820 1127 Annio
853 1085 1077 1126 Cimbro
1108 1101 1151 1142 p.
1185 1084 1254 1125 64.
1289 1082 1544 1123 Dindorfius
1576 1082 1621 1124 iu

163 1153 301 1195 Thes.
335 1154 434 1195 Par.
478 1170 514 1195 s,
550 1171 590 1195 v.
632 1155 732 1207 βαΰ,
742 1171 800 1207 ω,
854 1152 943 1196 Gn
949 1170 1031 1194 sar
1065 1169 1108 1210 p.
1142 1154 1167 1194 7
1183 1183 1194 1205 ,
1238 1151 1488 1192 Meiuekius
1518 1149 1620 1191 Del.

162 1223 299 1263 Anth.
332 1238 376 1279 p.
410 1223 514 1276 135,
548 1222 621 1264 alii
654 1238 676 1263 e
710 1221 869 1263 Tzetze
900 1222 952 1262 ad
984 1221 1205 1277 ΙΛοοΡΙιικ
1238 1219 1292 1261 77
1324 1235 1401 1276 pro
1434 1218 1623 1297 Sophro-

163 1304 244 1330 nco
275 1290 537 1331 attuleiuut:
601 1291 621 1331 ὁ
666 1308 744 1343 9ao
786 1289 894 1329 κύων
935 1290 1092 1342 βαιξας
1123 1287 1244 1340 (Jaig
1235 1289 1315 1337 ας)
1348 1286 1432 1327 λιέι
1462 1304 1510 1326 τα
1542 1285 1624 1338 ςιά-

167 1372 298 1408 σματα
322 1389 329 1397 .
353 1388 362 1397 .
425 1357 489 1398 Ea
530 1357 645 1399 enim
676 1358 866 1399 Tzetzae
896 1357 1026 1399 v·e1ba
1061 1371 1189 1408 esse,
1241 1371 1327 1396 non
1361 1353 1622 1411 Sophronis

163 1431 278 1465 recte
312 1424 584 1466 intellexerat
612 1425 913 1467 Blomlieldius
943 1425 995 1465 ad
1027 1425 1080 1465 fr.
1103 1424 1170 1466 38.
1204 1422 1390 1464 Tzetzes
1414 1421 1501 1462 ita:
1544 1421 1623 1462 θύ-

168 1508 261 1533 ουσι
292 1490 332 1530 δ’
365 1491 508 1535 azimi:
538 1490 656 1545 (‘Pe'c(v
688 1496 757 1533 καὶ
783 1491 968 1549 (Εκάῖῃ)
1003 1491 1154 1539 κύνας,
1207 1490 1263 1537 ὥς
1295 1505 1400 1542 φησι
1429 1488 1621 1543 Σώφρων

167 1560 207 1600 ἐν
236 1561 421 1610 Minoae·
486 1561 507 1601 ὁ
538 1559 615 1613 γάρ
648 1560 755 1600 κύων
794 1562 952 1613 βαΰξας
991 1559 1075 1599 λύει
1105 1558 1154 1598 τὰ
1186 1558 1406 1611 φάσματα,
1469 1558 1524 1605 οἷς
1554 1560 1623 1598 καὶ

164 1625 315 1682 χαλκὸς
347 1631 568 1682 κρυτηθείς
599 1629 673 1668 εἴτε
703 1646 740 1667 τι»
770 1631 964 1669 τοιοῦτον.

588 1830 1201 1873 EPIMETRUM.

278 1976 586 2018 Additameuta
618 1976 671 2016 ad
703 1983 932 2034 utrumque
962 1976 1122 2017 librum
1154 1977 1398 2033 typothetae
1423 1975 1515 2028 jam
1547 1982 1627 2015 tra-

168 2044 254 2085 dita
298 2052 444 2095 erant,
506 2060 637 2100 quum
683 2045 809 2085 allata
859 2052 960 2085 sunt
1001 2059 1110 2102 quac
1150 2044 1307 2084 vellem
1360 2042 1466 2084 mihi
1506 2041 1627 2098 prius

168 2119 340 2169 praesto
377 2112 577 2152 fuisseut.
639 2111 832 2152 Primum
864 2111 1037 2153 Franzii
1077 2111 1380 2153 benevolentia
1411 2109 1629 2166 epigram-

168 2186 279 2221 mata
308 2178 544 2220 Lesbiacae
575 2179 775 2232 dialecti,
808 2196 918 2238 quae
950 2179 995 2220 in
1025 2179 1275 2221 Memnonis
1309 2185 1444 2218 statua
1470 2175 1628 2231 scripta

169 2253 340 2299 extant,
382 2262 404 2286 a
437 2262 482 2287 se
513 2246 733 2287 emendata
764 2254 804 2287 et
835 2248 1033 2304 suppleta
1064 2244 1319 2286 transmisit.
1381 2244 1512 2301 Apud
1544 2243 1628 2283 Le-

169 2314 412 2361 tronnium,
468 2313 542 2370 qui
582 2313 891 2371 inscriptiones
930 2312 1205 2355 Memnonias
1237 2328 1259 2352 e
1294 2310 1420 2352 Saltii
1452 2325 1628 2367 apogra-

167 2383 253 2438 pho
284 2381 329 2422 in
361 2380 724 2422 Transactionum
753 2380 920 2439 Regiae
959 2379 1191 2421 Societatis
1231 2378 1476 2420 Literarum
1508 2377 1626 2417 Lon-

171 2448 370 2490 dinensis
402 2456 443 2489 et
475 2449 684 2505 peculiari
714 2448 826 2490 libro
858 2447 1018 2495 edidit,
1053 2455 1152 2488 sunt
1181 2463 1248 2487 nr.
1278 2446 1342 2487 19.
1368 2446 1437 2486 21.
1462 2444 1532 2486 23.
1555 2445 1627 2487 24.

171 2516 252 2569 253
300 2516 376 2557 sed
407 2532 536 2572 quum
581 2516 623 2556 in
655 2515 722 2556 his
752 2515 957 2573 temporis
990 2513 1205 2571 augustiis
1236 2520 1434 2554 neutrum
1466 2512 1627 2553 librum

171 2583 279 2624 mihi
309 2599 555 2641 comparare
583 2584 774 2640 possim,
811 2583 894 2625 soli
924 2582 1101 2622 Franzii
1132 2581 1379 2639 apographo
1413 2579 1629 2620 confidere

171 2658 350 2708 oportet.
414 2651 512 2692 Viri
552 2651 686 2708 igitur
724 2649 1027 2692 humanissimi
1067 2649 1193 2689 venia
1233 2648 1458 2704 impetrata
1499 2660 1629 2702 appo-

170 2734 270 2759 nam
309 2718 642 2776 epigrammata,
706 2734 815 2774 quae
864 2717 1014 2775 paucis
1058 2715 1230 2771 cognita
1275 2729 1371 2755 esse
1412 2712 1628 2764 videntur,

170 2801 266 2828 raro
307 2786 351 2826 in
395 2785 668 2843 gravioribus
707 2785 836 2826 rebus
876 2802 898 2826 a
930 2784 1105 2825 Franzii
1144 2782 1398 2825 recensione
1427 2779 1629 2822 recedere

251 2870 309 2911 11.
1313 2865 1366 2906 37
