1779 3079
551 186 627 234 Ad
658 185 872 235 Librum
911 185 1149 234 Primum.
1477 187 1575 239 537

670 320 1024 364 ALCAEUS.

240 389 322 431 Fr.
356 390 380 432 3
419 389 506 447 leg.
539 389 820 442 πολεμάδοκος
851 389 938 431 vid.
976 390 1030 431 L.
1064 391 1124 431 ΙΙ.
1157 391 1301 445 §.19,
1334 390 1374 433 5.
1437 390 1571 433 Ceus.

127 455 318 498 Darmst.
350 456 520 499 restitui
547 456 676 512 jubet
703 455 912 511 Κορώνηα
944 464 991 498 ut
1019 459 1318 513 Κυπρογένηα,
1350 459 1570 512 Κυθέρηα,

125 540 372 582 quanquam
410 524 482 567 vix
519 524 744 583 probabile
785 531 850 565 est
887 524 1233 567 terminationem
1264 541 1327 566 εια
1358 524 1519 583 ubique
1549 543 1574 567 a

126 591 304 634 Lesbiis
342 591 389 633 in
423 610 477 642 ηα
507 598 707 633 mutatam
738 606 850 634 esse.
939 591 1011 632 An
1054 595 1216 646 γλυκεῖα
1255 592 1416 651 Sapph.
1450 594 1503 636 18
1532 602 1574 636 et

127 659 287 702 similia
316 660 471 702 mutari
499 659 650 701 volet?
708 660 764 701 cf.
791 658 922 700 L.11.
956 659 1094 712 §.20,
1113 661 1154 702 9.
1216 660 1330 702 Huic
1361 661 1573 717 fragmen-

124 735 168 769 to
193 727 286 782 jam
314 726 565 769 adhaesisse
597 727 868 784 suspicamur
897 728 952 769 fr.
987 726 1071 779 55,
1116 727 1231 784 quod
1262 729 1308 770 in
1339 729 1454 771 hunc
1484 744 1573 771 mo-

123 794 223 837 dum
254 795 472 853 corrigere
503 793 739 837 audemus:

318 862 347 912 ἤ
377 879 450 904 ποι
483 860 575 915 σύγ’
609 861 771 916 ἀνδρῶν
800 862 1019 915 ὃυςμειιέων
1053 862 1237 920 στράτου,

323 928 492 982 πόλισμ’
524 929 789 971 ἐπιπνεύοισα
823 931 967 983 [φίλων
996 931 1109 983 τέων]

123 1014 184 1040 se.
218 1000 275 1047 εἰς
305 997 438 1051 φύγην
466 997 626 1051 manag·
654 998 725 1040 vel
756 998 898 1040 simile
927 999 1048 1056 quid.

233 1066 313 1107 Fr.
345 1066 386 1108 6.
435 1066 718 1107 Peccavimus
736 1097 748 1118 ‚
781 1082 915 1123 quum
944 1067 990 1108 in
1019 1066 1136 1108 Mus.
1173 1067 1315 1110 Rhen.
1344 1068 1570 1111 Alcaicum

122 1141 301 1176 metrum
324 1132 496 1175 restitui
525 1149 654 1190 posse
677 1134 938 1191 putavimus.
1002 1134 1107 1176 Sinc
1128 1136 1441 1178 mutationibus
1462 1137 1571 1179 alios

118 1219 271 1245 versus
304 1218 389 1244 non
422 1199 572 1242 elicies
604 1208 901 1259 praeterquam
932 1203 1210 1259 hymenaicos
1230 1234 1242 1257 7
1273 1204 1432 1262 quihus
1464 1204 1573 1263 Sap—

118 1272 305 1328 phonem
336 1285 458 1312 usam
488 1268 650 1311 scimus
679 1269 766 1311 vid.
800 1270 923 1313 Neue
953 1287 996 1328 p.
1029 1272 1108 1313 17:

849 1338 952 1379 ὥστε
982 1339 1092 1379 θέων

645 1407 768 1460 μηδέν
783 1406 792 1418 '
820 1406 830 1417 '
841 1408 1057 1460 Ολυμπίων

649 1478 770 1517 λῦσαι.
802 1475 897 1529 ἄτερ
926 1474 1075 1516 Ὲέθεν.

231 1542 312 1584 Fr.
348 1542 414 1584 10.
478 1542 656 1584 Initium
687 1559 804 1585 nunc
841 1542 1060 1600 legimus:
1124 1542 1343 1595 ἀσυνέτημι
1372 1545 1450 1583 τῶν
1481 1541 1571 1583 ἀνέ-

116 1629 200 1664 μων
233 1609 387 1652 στάσιν.
460 1610 633 1653 Deinde
666 1611 1028 1653 Schneidewinus
1061 1611 1273 1653 dubitavit
1307 1627 1360 1652 an
1392 1610 1486 1652 sinc
1515 1610 1572 1651 li-

118 1680 296 1722 brorum
327 1694 408 1736 ope
437 1694 525 1719 non
556 1687 673 1721 rcctc
705 1680 751 1721 ὂν
781 1679 825 1722 τὸ
857 1680 1010 1733 μέσσον
1048 1696 1126 1737 pro
1167 1680 1214 1720 ἂν
1242 1698 1276 1720 τ.
1310 1697 1352 1732 μ.
1388 1678 1570 1736 scripse-

114 1748 281 1801 rimus3
342 1754 526 1788 mutatae
556 1749 670 1789 enim
700 1747 863 1790 vocalis
904 1748 1024 1790 nulla
1064 1746 1147 1789 alia
1188 1747 1384 1804 exempla
1424 1754 1568 1788 extare

115 1815 204 1858 nisi
242 1816 289 1857 in
319 1815 633 1872 compositione
670 1824 712 1857 et
742 1816 791 1856 ἄν
822 1815 985 1874 triplici
1025 1814 1276 1856 auctoritate
1307 1810 1566 1856 confirmari.

114 1883 206 1926 Nos
246 1883 293 1924 id
334 1883 469 1924 secuti
510 1898 688 1937 sumus,
743 1884 859 1942 quod
896 1899 1047 1926 omnes
1089 1883 1461 1942 praepositiones,
1515 1897 1569 1924 ex

114 1951 410 2009 antiquiorum
440 1958 554 1993 certe
581 1950 845 1994 Graecorum
876 1951 1208 2009 orthographia,
1249 1960 1368 1992 extra
1398 1966 1568 2008 compo-

114 2019 314 2061 sitionem
344 2018 508 2077 ubique
539 2020 717 2062 eandem
747 2020 928 2061 formam
957 2026 1134 2061 tuentur
1164 2035 1292 2077 quam
1321 2019 1368 2060 in
1396 2034 1566 2076 compo-

115 2086 289 2128 sitione.
373 2086 512 2140 Quam
549 2103 650 2129 vero
683 2104 809 2146 saepe
842 2087 1010 2130 librarii
1040 2088 1084 2129 in
1117 2087 1342 2130 Aeolicam
1373 2087 1564 2144 proprie-

113 2162 241 2197 tatem
284 2155 544 2207 saevierint,
595 2156 818 2214 intclliges
848 2155 950 2197 inde
969 2187 982 2210 ,
1029 2156 1145 2214 quod
1179 2154 1339 2213 Sapph.
1376 2156 1423 2207 l,
1457 2155 1481 2195 3
1512 2170 1565 2195 cx

113 2222 314 2265 omnibus
343 2220 550 2278 Dionysii
580 2223 707 2266 libris
727 2256 739 2277 ,
771 2241 887 2266 unus
918 2223 1249 2282 antiquissimus
1281 2221 1562 2273 parisiensis,

114 2306 243 2349 quem
273 2305 389 2331 1111116
421 2289 780 2334 Schneidewinus
812 2291 996 2335 contulit
1016 2322 1028 2344 9
1083 2290 1233 2331 ὀνίαισι
1263 2289 1468 2346 praehet,
1513 2305 1564 2331 cx

113 2358 315 2400 omnihus
348 2357 687 2415 Hephaestionis
725 2376 809 2402 una
837 2358 1116 2401 Turnebiana
1160 2359 1316 2398 οκιάισι.
1354 2373 1432 2415 pro
1471 2357 1562 2399 vnl-

116 2426 211 2484 gari
242 2425 411 2468 ἀνίαισι.
444 2451 497 2457 --
583 2425 663 2468 Vs.
699 2429 724 2470 7
758 2427 843 2484 leg.
878 2426 1053 2475 ζάὸαλου
1083 2441 1106 2466 6
1138 2424 1462 2467 Schneidewini
1493 2441 1561 2466 su-

93 2493 309 2550 spicione
340 2493 430 2536 vid.
464 2493 519 2534 L.
553 2494 607 2535 11.
641 2496 681 2548 ξ.
710 2496 789 2548 19,
820 2496 846 2536 6
877 2511 911 2536 s,
940 2511 981 2536 v.
1016 2493 1222 2545 ὁαλέομαι.
1255 2516 1310 2521 -
1370 2491 1483 2534 Casu
1514 2493 1561 2535 in

113 2563 198 2604 fine
229 2561 389 2605 excidit
417 2561 588 2603 initium
624 2563 845 2620 sequentis
876 2562 1101 2620 strophae:
1152 2560 1335 2601 Χόλαισι,
1365 2559 1405 2599 δ’
1439 2560 1561 2614 ἄγκυ-

115 2648 200 2685 ραι.

226 2697 307 2739 Fr.
334 2699 400 2739 11.
442 2697 684 2739 Probamus
717 2713 834 2740 nunc
866 2695 1053 2738 Scidleri
1084 2695 1425 2738 emendationem
1456 2697 1561 2749 ἐμβᾷ

115 2765 220 2816 (nisi
267 2765 383 2822 quod
426 2765 638 2807 Lesbiaco
678 2782 794 2807 more
835 2766 940 2817 ἐμβᾶ
979 2761 1232 2818 scribimus)
1276 2763 1362 2805 vid,
1410 2764 1462 2805 L.
1498 2764 1553 2806 II.
