<?xml version="1.0" encoding="UTF-8"?>
<!DOCTYPE html PUBLIC "-//W3C//DTD XHTML 1.0 Transitional//EN"
    "http://www.w3.org/TR/xhtml1/DTD/xhtml1-transitional.dtd">
<html xmlns="http://www.w3.org/1999/xhtml" xml:lang="en" lang="en">
 <head>
  <title>
</title>
<meta http-equiv="Content-Type" content="text/html;charset=utf-8" />
  <meta name='ocr-system' content='tesseract 3.04.00' />
  <meta name='ocr-capabilities' content='ocr_page ocr_carea ocr_par ocr_line ocrx_word'/>
</head>
<body>
  <div class='ocr_page' id='page_1' title='image "./degraecaelinguae01ahreuoft_0838.png"; bbox 0 0 1779 3079; ppageno 0'>
   <div class='ocr_carea' id='block_1_1' title="bbox 268 190 1306 256">
    <p class='ocr_par' dir='ltr' id='par_1_1' title="bbox 268 190 1306 256">
     <span class='ocr_line' id='line_1_1' title="bbox 268 190 1306 256; baseline -0.003 -15"><span class='ocrx_word' id='word_1_1' title='bbox 268 192 367 241; x_wconf 85' lang='grc'><strong>514</strong></span> <span class='ocrx_word' id='word_1_2' title='bbox 662 190 888 239; x_wconf 86' lang='lat' dir='ltr'>Addenda</span> <span class='ocrx_word' id='word_1_3' title='bbox 923 200 969 237; x_wconf 90' lang='lat' dir='ltr'>et</span> <span class='ocrx_word' id='word_1_4' title='bbox 999 190 1306 256; x_wconf 81' lang='lat' dir='ltr'><strong>Corrigenda.</strong></span> 
     </span>
    </p>
   </div>
   <div class='ocr_carea' id='block_1_2' title="bbox 267 323 1720 2676">
    <p class='ocr_par' dir='ltr' id='par_1_2' title="bbox 267 323 1713 1044">
     <span class='ocr_line' id='line_1_2' title="bbox 272 323 1709 380; baseline -0.003 -12"><span class='ocrx_word' id='word_1_5' title='bbox 272 329 456 379; x_wconf 73' lang='grc' dir='ltr'>σημαίνει</span> <span class='ocrx_word' id='word_1_6' title='bbox 486 325 530 367; x_wconf 77' lang='grc' dir='ltr'>τὸ</span> <span class='ocrx_word' id='word_1_7' title='bbox 563 326 624 367; x_wconf 68' lang='grc' dir='ltr'>ἀεὶ</span> <span class='ocrx_word' id='word_1_8' title='bbox 655 326 714 368; x_wconf 81' lang='grc' dir='ltr'>ὄν.</span> <span class='ocrx_word' id='word_1_9' title='bbox 774 328 833 367; x_wconf 65' lang='lat' dir='ltr'>oet</span> <span class='ocrx_word' id='word_1_10' title='bbox 862 328 903 367; x_wconf 73' lang='grc' dir='ltr'>δὲ</span> <span class='ocrx_word' id='word_1_11' title='bbox 931 326 1140 380; x_wconf 61' lang='grc' dir='ltr'>γινώσκων</span> <span class='ocrx_word' id='word_1_12' title='bbox 1171 326 1233 367; x_wconf 83' lang='grc' dir='ltr'>ὅτι</span> <span class='ocrx_word' id='word_1_13' title='bbox 1262 327 1331 366; x_wconf 81' lang='grc' dir='ltr'>καὶ</span> <span class='ocrx_word' id='word_1_14' title='bbox 1357 324 1401 366; x_wconf 82' lang='grc' dir='ltr'>τὸ</span> <span class='ocrx_word' id='word_1_15' title='bbox 1434 323 1709 377; x_wconf 75' lang='grc' dir='ltr'><strong><em>ἆειπάρθενος</em></strong></span> 
     </span>
     <span class='ocr_line' id='line_1_3' title="bbox 270 389 1710 448; baseline -0.003 -12"><span class='ocrx_word' id='word_1_16' title='bbox 270 394 338 436; x_wconf 73' lang='grc' dir='ltr'>διὰ</span> <span class='ocrx_word' id='word_1_17' title='bbox 377 398 449 444; x_wconf 77' lang='grc' dir='ltr'>τῆς</span> <span class='ocrx_word' id='word_1_18' title='bbox 489 399 526 434; x_wconf 66' lang='grc' dir='ltr'>εἰ</span> <span class='ocrx_word' id='word_1_19' title='bbox 566 394 792 447; x_wconf 71' lang='grc' dir='ltr'><em>ὃιφθόγγου</em></span> <span class='ocrx_word' id='word_1_20' title='bbox 831 394 1032 448; x_wconf 73' lang='grc' dir='ltr'>γράφεται</span> <span class='ocrx_word' id='word_1_21' title='bbox 1078 396 1253 443; x_wconf 76' lang='grc' dir='ltr'><em>κοινῶς,</em></span> <span class='ocrx_word' id='word_1_22' title='bbox 1312 395 1522 440; x_wconf 81' lang='grc' dir='ltr'><em>Αιόλικῶς</em></span> <span class='ocrx_word' id='word_1_23' title='bbox 1561 393 1602 432; x_wconf 79' lang='grc' dir='ltr'>δὲ</span> <span class='ocrx_word' id='word_1_24' title='bbox 1642 389 1710 431; x_wconf 74' lang='grc' dir='ltr'>διὰ</span> 
     </span>
     <span class='ocr_line' id='line_1_4' title="bbox 271 459 1710 519; baseline -0.003 -15"><span class='ocrx_word' id='word_1_25' title='bbox 271 465 339 504; x_wconf 70' lang='grc' dir='ltr'>τοῦ</span> <span class='ocrx_word' id='word_1_26' title='bbox 369 466 400 501; x_wconf 87' lang='grc' dir='ltr'>ῖ.</span> <span class='ocrx_word' id='word_1_27' title='bbox 491 461 642 503; x_wconf 84' lang='lat' dir='ltr'>Priora</span> <span class='ocrx_word' id='word_1_28' title='bbox 674 477 821 503; x_wconf 89' lang='lat' dir='ltr'>eorum</span> <span class='ocrx_word' id='word_1_29' title='bbox 851 477 977 504; x_wconf 86' lang='lat' dir='ltr'>causa</span> <span class='ocrx_word' id='word_1_30' title='bbox 1009 461 1317 519; x_wconf 82' lang='lat' dir='ltr'>adscripsimus</span> <span class='ocrx_word' id='word_1_31' title='bbox 1335 492 1348 514; x_wconf 82' lang='lat'>‚</span> <span class='ocrx_word' id='word_1_32' title='bbox 1398 475 1507 518; x_wconf 88' lang='lat' dir='ltr'>quae</span> <span class='ocrx_word' id='word_1_33' title='bbox 1535 459 1582 500; x_wconf 87' lang='lat' dir='ltr'>iu</span> <span class='ocrx_word' id='word_1_34' title='bbox 1612 465 1710 500; x_wconf 83' lang='lat' dir='ltr'>nota</span> 
     </span>
     <span class='ocr_line' id='line_1_5' title="bbox 269 526 1712 588; baseline -0.002 -18"><span class='ocrx_word' id='word_1_35' title='bbox 269 545 321 570; x_wconf 86' lang='lat' dir='ltr'>ex</span> <span class='ocrx_word' id='word_1_36' title='bbox 352 529 668 586; x_wconf 74' lang='lat' dir='ltr'>Etymologieis</span> <span class='ocrx_word' id='word_1_37' title='bbox 698 530 841 580; x_wconf 83' lang='lat' dir='ltr'>minus</span> <span class='ocrx_word' id='word_1_38' title='bbox 871 531 999 588; x_wconf 86' lang='lat' dir='ltr'>plena</span> <span class='ocrx_word' id='word_1_39' title='bbox 1038 531 1089 571; x_wconf 91' lang='lat' dir='ltr'>de</span> <span class='ocrx_word' id='word_1_40' title='bbox 1121 529 1239 571; x_wconf 85' lang='lat' dir='ltr'>vocis</span> <span class='ocrx_word' id='word_1_41' title='bbox 1282 528 1344 568; x_wconf 74' lang='grc' dir='ltr'>ἀεί</span> <span class='ocrx_word' id='word_1_42' title='bbox 1373 526 1625 585; x_wconf 84' lang='lat' dir='ltr'>compositis</span> <span class='ocrx_word' id='word_1_43' title='bbox 1653 526 1712 568; x_wconf 87' lang='lat' dir='ltr'>al·</span> 
     </span>
     <span class='ocr_line' id='line_1_6' title="bbox 269 595 1711 646; baseline -0.003 -8"><span class='ocrx_word' id='word_1_44' title='bbox 269 598 351 638; x_wconf 81' lang='lat' dir='ltr'>lata</span> <span class='ocrx_word' id='word_1_45' title='bbox 391 603 506 638; x_wconf 85' lang='lat' dir='ltr'>sunt.</span> <span class='ocrx_word' id='word_1_46' title='bbox 598 596 798 639; x_wconf 86' lang='lat' dir='ltr'>Ceterum</span> <span class='ocrx_word' id='word_1_47' title='bbox 832 597 998 640; x_wconf 84' lang='lat' dir='ltr'>Censor</span> <span class='ocrx_word' id='word_1_48' title='bbox 1026 597 1216 638; x_wconf 78' lang='lat' dir='ltr'>Damnst.</span> <span class='ocrx_word' id='word_1_49' title='bbox 1249 596 1374 637; x_wconf 80' lang='lat' dir='ltr'>valde</span> <span class='ocrx_word' id='word_1_50' title='bbox 1405 595 1600 646; x_wconf 81' lang='lat' dir='ltr'>dubitat,</span> <span class='ocrx_word' id='word_1_51' title='bbox 1658 608 1711 634; x_wconf 91' lang='lat' dir='ltr'>an</span> 
     </span>
     <span class='ocr_line' id='line_1_7' title="bbox 268 661 1710 722; baseline -0.003 -17"><span class='ocrx_word' id='word_1_52' title='bbox 268 664 431 707; x_wconf 90' lang='lat' dir='ltr'>Aeoles</span> <span class='ocrx_word' id='word_1_53' title='bbox 463 681 547 706; x_wconf 90' lang='lat' dir='ltr'>non</span> <span class='ocrx_word' id='word_1_54' title='bbox 568 681 668 707; x_wconf 85' lang='lat' dir='ltr'>vere</span> <span class='ocrx_word' id='word_1_55' title='bbox 699 664 898 707; x_wconf 81' lang='lat' dir='ltr'><strong>noverint</strong></span> <span class='ocrx_word' id='word_1_56' title='bbox 927 672 1110 722; x_wconf 88' lang='lat' dir='ltr'>quatuor</span> <span class='ocrx_word' id='word_1_57' title='bbox 1139 664 1268 719; x_wconf 88' lang='lat' dir='ltr'>hujus</span> <span class='ocrx_word' id='word_1_58' title='bbox 1302 661 1495 705; x_wconf 84' lang='lat' dir='ltr'>adverbii</span> <span class='ocrx_word' id='word_1_59' title='bbox 1526 662 1710 702; x_wconf 81' lang='lat' dir='ltr'>formas:</span> 
     </span>
     <span class='ocr_line' id='line_1_8' title="bbox 270 729 1711 789; baseline -0.001 -18"><span class='ocrx_word' id='word_1_60' title='bbox 270 731 351 781; x_wconf 72' lang='grc' dir='ltr'>αῗΐ,</span> <span class='ocrx_word' id='word_1_61' title='bbox 397 731 502 781; x_wconf 62' lang='lat' dir='ltr'>am,</span> <span class='ocrx_word' id='word_1_62' title='bbox 553 732 624 785; x_wconf 74' lang='grc' dir='ltr'>ἅΐ,</span> <span class='ocrx_word' id='word_1_63' title='bbox 672 733 751 773; x_wconf 56' lang='lat' dir='ltr'><em>iii».</em></span> <span class='ocrx_word' id='word_1_64' title='bbox 812 732 910 774; x_wconf 89' lang='lat' dir='ltr'>Non</span> <span class='ocrx_word' id='word_1_65' title='bbox 941 732 1108 789; x_wconf 87' lang='lat' dir='ltr'>aperuit</span> <span class='ocrx_word' id='word_1_66' title='bbox 1138 739 1307 781; x_wconf 84' lang='lat' dir='ltr'>tamen,</span> <span class='ocrx_word' id='word_1_67' title='bbox 1350 747 1428 772; x_wconf 91' lang='lat' dir='ltr'>cur</span> <span class='ocrx_word' id='word_1_68' title='bbox 1454 729 1711 786; x_wconf 90' lang='lat' dir='ltr'>optimorum</span> 
     </span>
     <span class='ocr_line' id='line_1_9' title="bbox 269 797 1711 857; baseline -0.003 -16"><span class='ocrx_word' id='word_1_69' title='bbox 269 800 637 857; x_wconf 79' lang='lat' dir='ltr'>grammaticorum</span> <span class='ocrx_word' id='word_1_70' title='bbox 667 799 923 841; x_wconf 84' lang='lat' dir='ltr'>testimoniis</span> <span class='ocrx_word' id='word_1_71' title='bbox 962 800 1090 840; x_wconf 90' lang='lat' dir='ltr'>fidem</span> <span class='ocrx_word' id='word_1_72' title='bbox 1129 799 1285 840; x_wconf 87' lang='lat' dir='ltr'>babere</span> <span class='ocrx_word' id='word_1_73' title='bbox 1323 797 1534 849; x_wconf 81' lang='lat' dir='ltr'>noluerit,</span> <span class='ocrx_word' id='word_1_74' title='bbox 1592 810 1711 853; x_wconf 86' lang='lat' dir='ltr'>prae-</span> 
     </span>
     <span class='ocr_line' id='line_1_10' title="bbox 268 863 1713 924; baseline -0.003 -16"><span class='ocrx_word' id='word_1_75' title='bbox 268 868 415 909; x_wconf 85' lang='lat' dir='ltr'>sertim</span> <span class='ocrx_word' id='word_1_76' title='bbox 447 883 580 924; x_wconf 87' lang='lat' dir='ltr'>quum</span> <span class='ocrx_word' id='word_1_77' title='bbox 609 867 718 908; x_wconf 88' lang='lat' dir='ltr'>nihil</span> <span class='ocrx_word' id='word_1_78' title='bbox 749 866 1079 908; x_wconf 86' lang='lat' dir='ltr'>convenientius</span> <span class='ocrx_word' id='word_1_79' title='bbox 1111 865 1190 915; x_wconf 86' lang='lat' dir='ltr'>sit,</span> <span class='ocrx_word' id='word_1_80' title='bbox 1224 882 1352 923; x_wconf 82' lang='lat' dir='ltr'>quam</span> <span class='ocrx_word' id='word_1_81' title='bbox 1381 872 1428 905; x_wconf 86' lang='lat' dir='ltr'>ut</span> <span class='ocrx_word' id='word_1_82' title='bbox 1455 881 1470 904; x_wconf 76' lang='grc' dir='ltr'><strong><em>ι</em></strong></span> <span class='ocrx_word' id='word_1_83' title='bbox 1499 863 1713 906; x_wconf 86' lang='lat' dir='ltr'>Lesbiaco</span> 
     </span>
     <span class='ocr_line' id='line_1_11' title="bbox 267 930 1713 989; baseline -0.003 -15"><span class='ocrx_word' id='word_1_84' title='bbox 267 949 384 977; x_wconf 89' lang='lat' dir='ltr'>more</span> <span class='ocrx_word' id='word_1_85' title='bbox 413 935 540 976; x_wconf 89' lang='lat' dir='ltr'>modo</span> <span class='ocrx_word' id='word_1_86' title='bbox 571 935 772 989; x_wconf 80' lang='lat' dir='ltr'>ejiciatur</span> <span class='ocrx_word' id='word_1_87' title='bbox 801 934 928 976; x_wconf 89' lang='lat' dir='ltr'>modo</span> <span class='ocrx_word' id='word_1_88' title='bbox 957 939 1177 983; x_wconf 82' lang='lat' dir='ltr'>teneatur,</span> <span class='ocrx_word' id='word_1_89' title='bbox 1222 951 1241 973; x_wconf 80' lang='lat' dir='ltr'><em>v</em></span> <span class='ocrx_word' id='word_1_90' title='bbox 1280 934 1347 984; x_wconf 77' lang='grc' dir='ltr'>ἐφ.</span> <span class='ocrx_word' id='word_1_91' title='bbox 1378 931 1504 974; x_wconf 85' lang='lat' dir='ltr'>modo</span> <span class='ocrx_word' id='word_1_92' title='bbox 1535 930 1713 972; x_wconf 81' lang='lat' dir='ltr'>addatur</span> 
     </span>
     <span class='ocr_line' id='line_1_12' title="bbox 267 1001 550 1044; baseline 0 -2"><span class='ocrx_word' id='word_1_93' title='bbox 267 1002 394 1044; x_wconf 91' lang='lat' dir='ltr'>modo</span> <span class='ocrx_word' id='word_1_94' title='bbox 423 1001 550 1043; x_wconf 89' lang='lat' dir='ltr'>absit.</span> 
     </span>
    </p>

    <p class='ocr_par' dir='ltr' id='par_1_3' title="bbox 267 1064 1717 1386">
     <span class='ocr_line' id='line_1_13' title="bbox 379 1064 1714 1126; baseline -0.004 -17"><span class='ocrx_word' id='word_1_95' title='bbox 379 1070 506 1126; x_wconf 75' lang='lat' dir='ltr'>Pag.</span> <span class='ocrx_word' id='word_1_96' title='bbox 541 1068 623 1111; x_wconf 86' lang='grc'><strong>160</strong></span> <span class='ocrx_word' id='word_1_97' title='bbox 664 1078 770 1111; x_wconf 86' lang='lat' dir='ltr'>not.</span> <span class='ocrx_word' id='word_1_98' title='bbox 832 1067 957 1108; x_wconf 83' lang='lat' dir='ltr'>Adde</span> <span class='ocrx_word' id='word_1_99' title='bbox 989 1068 1188 1110; x_wconf 81' lang='lat' dir='ltr'>Eustath.</span> <span class='ocrx_word' id='word_1_100' title='bbox 1224 1068 1358 1121; x_wconf 77' lang='grc'><strong>1214,</strong></span> <span class='ocrx_word' id='word_1_101' title='bbox 1388 1068 1442 1110; x_wconf 78' lang='grc'>27</span> <span class='ocrx_word' id='word_1_102' title='bbox 1483 1070 1519 1107; x_wconf 81' lang='grc' dir='ltr'>οἱ</span> <span class='ocrx_word' id='word_1_103' title='bbox 1548 1064 1714 1111; x_wconf 75' lang='grc' dir='ltr'><strong><em>Αἰολεῖς</em></strong></span> 
     </span>
     <span class='ocr_line' id='line_1_14' title="bbox 267 1134 1717 1191; baseline -0.003 -15"><span class='ocrx_word' id='word_1_104' title='bbox 267 1138 309 1176; x_wconf 75' lang='grc' dir='ltr'>ἐκ</span> <span class='ocrx_word' id='word_1_105' title='bbox 351 1136 618 1191; x_wconf 74' lang='grc' dir='ltr'><em>πρωτοτύπου</em></span> <span class='ocrx_word' id='word_1_106' title='bbox 659 1138 941 1186; x_wconf 75' lang='grc' dir='ltr'><em>πληθυντικῆς</em></span> <span class='ocrx_word' id='word_1_107' title='bbox 978 1139 1139 1188; x_wconf 73' lang='grc' dir='ltr'>γενικῆς</span> <span class='ocrx_word' id='word_1_108' title='bbox 1177 1138 1349 1178; x_wconf 71' lang='grc' dir='ltr'>ποιοῦσι</span> <span class='ocrx_word' id='word_1_109' title='bbox 1386 1134 1537 1182; x_wconf 79' lang='grc' dir='ltr'><em>τύπους</em></span> <span class='ocrx_word' id='word_1_110' title='bbox 1579 1148 1717 1182; x_wconf 84' lang='grc' dir='ltr'><strong><em>κτητι-</em></strong></span> 
     </span>
     <span class='ocr_line' id='line_1_15' title="bbox 268 1199 1713 1258; baseline -0.001 -14"><span class='ocrx_word' id='word_1_111' title='bbox 268 1203 394 1253; x_wconf 82' lang='grc' dir='ltr'><em>κούς,</em></span> <span class='ocrx_word' id='word_1_112' title='bbox 440 1205 525 1245; x_wconf 75' lang='grc' dir='ltr'><em>οἷον</em></span> <span class='ocrx_word' id='word_1_113' title='bbox 555 1206 691 1258; x_wconf 73' lang='grc' dir='ltr'><em>ἕτερος</em></span> <span class='ocrx_word' id='word_1_114' title='bbox 723 1204 866 1258; x_wconf 68' lang='grc' dir='ltr'><em>ἑτέρων</em></span> <span class='ocrx_word' id='word_1_115' title='bbox 898 1201 1135 1255; x_wconf 75' lang='grc' dir='ltr'><em>ἑτερώνιος·</em></span> <span class='ocrx_word' id='word_1_116' title='bbox 1183 1204 1301 1251; x_wconf 81' lang='grc' dir='ltr'><em>ἄλλος</em></span> <span class='ocrx_word' id='word_1_117' title='bbox 1331 1203 1459 1243; x_wconf 77' lang='grc' dir='ltr'><em>ἄλλων</em></span> <span class='ocrx_word' id='word_1_118' title='bbox 1490 1199 1713 1248; x_wconf 79' lang='grc' dir='ltr'><em>ἀλλώνιος·</em></span> 
     </span>
     <span class='ocr_line' id='line_1_16' title="bbox 268 1265 1717 1324; baseline -0.003 -14"><span class='ocrx_word' id='word_1_119' title='bbox 268 1270 417 1322; x_wconf 76' lang='grc' dir='ltr'>ἐτύμων</span> <span class='ocrx_word' id='word_1_120' title='bbox 447 1270 686 1323; x_wconf 73' lang='grc' dir='ltr'>ἐτυμώνιος·</span> <span class='ocrx_word' id='word_1_121' title='bbox 722 1270 876 1323; x_wconf 67' lang='grc' dir='ltr'>ἀνέμων</span> <span class='ocrx_word' id='word_1_122' title='bbox 905 1269 1127 1322; x_wconf 72' lang='grc' dir='ltr'>ἀνεμώνιος</span> <span class='ocrx_word' id='word_1_123' title='bbox 1157 1274 1225 1312; x_wconf 82' lang='grc' dir='ltr'>καί</span> <span class='ocrx_word' id='word_1_124' title='bbox 1256 1270 1533 1324; x_wconf 76' lang='grc' dir='ltr'>ὃιέὐφωνιάν</span> <span class='ocrx_word' id='word_1_125' title='bbox 1563 1265 1717 1320; x_wconf 74' lang='grc' dir='ltr'><em>ἀνεμώ-</em></span> 
     </span>
     <span class='ocr_line' id='line_1_17' title="bbox 267 1337 1316 1386; baseline 0.002 -9"><span class='ocrx_word' id='word_1_126' title='bbox 267 1343 376 1386; x_wconf 78' lang='grc' dir='ltr'><strong>λιος.</strong></span> <span class='ocrx_word' id='word_1_127' title='bbox 428 1337 532 1379; x_wconf 78' lang='grc' dir='ltr'><em>οὕτω</em></span> <span class='ocrx_word' id='word_1_128' title='bbox 563 1341 631 1378; x_wconf 78' lang='grc' dir='ltr'>καὶ</span> <span class='ocrx_word' id='word_1_129' title='bbox 657 1340 823 1379; x_wconf 67' lang='grc' dir='ltr'>εΕλίκαι,</span> <span class='ocrx_word' id='word_1_130' title='bbox 850 1338 1029 1378; x_wconf 51' lang='lat' dir='ltr'>‘Etcum</span> <span class='ocrx_word' id='word_1_131' title='bbox 1055 1339 1316 1386; x_wconf 77' lang='grc' dir='ltr'><em>Ἔλικώνιος.</em></span> 
     </span>
    </p>

    <p class='ocr_par' dir='ltr' id='par_1_4' title="bbox 268 1402 1717 1515">
     <span class='ocr_line' id='line_1_18' title="bbox 378 1402 1717 1462; baseline -0.001 -18"><span class='ocrx_word' id='word_1_132' title='bbox 378 1405 419 1458; x_wconf 81' lang='lat'>§.</span> <span class='ocrx_word' id='word_1_133' title='bbox 454 1405 530 1447; x_wconf 80' lang='lat'>32.</span> <span class='ocrx_word' id='word_1_134' title='bbox 593 1406 844 1448; x_wconf 75' lang='lat' dir='ltr'>praeclarae</span> <span class='ocrx_word' id='word_1_135' title='bbox 873 1404 1173 1448; x_wconf 83' lang='lat' dir='ltr'>Boeoticarnm</span> <span class='ocrx_word' id='word_1_136' title='bbox 1206 1404 1539 1462; x_wconf 85' lang='lat' dir='ltr'>inscriptionum</span> <span class='ocrx_word' id='word_1_137' title='bbox 1569 1402 1717 1460; x_wconf 88' lang='lat' dir='ltr'>copiae</span> 
     </span>
     <span class='ocr_line' id='line_1_19' title="bbox 268 1474 687 1515; baseline 0 -1"><span class='ocrx_word' id='word_1_138' title='bbox 268 1479 547 1515; x_wconf 84' lang='lat' dir='ltr'>accesserunt</span> <span class='ocrx_word' id='word_1_139' title='bbox 576 1474 653 1514; x_wconf 89' lang='lat' dir='ltr'>hae</span> <span class='ocrx_word' id='word_1_140' title='bbox 677 1492 687 1513; x_wconf 73' lang='lat' dir='ltr'><em>z</em></span> 
     </span>
    </p>

    <p class='ocr_par' dir='ltr' id='par_1_5' title="bbox 270 1537 1719 1867">
     <span class='ocr_line' id='line_1_20' title="bbox 383 1537 1719 1594; baseline -0.003 -13"><span class='ocrx_word' id='word_1_141' title='bbox 383 1539 750 1582; x_wconf 85' lang='lat' dir='ltr'>Orchomenii</span> <span class='ocrx_word' id='word_1_142' title='bbox 799 1539 944 1589; x_wconf 87' lang='lat' dir='ltr'>tituli,</span> <span class='ocrx_word' id='word_1_143' title='bbox 1005 1555 1119 1581; x_wconf 90' lang='lat' dir='ltr'>unns</span> <span class='ocrx_word' id='word_1_144' title='bbox 1165 1540 1211 1581; x_wconf 92' lang='lat' dir='ltr'>in</span> <span class='ocrx_word' id='word_1_145' title='bbox 1251 1539 1403 1582; x_wconf 80' lang='lat' dir='ltr'>Leakii</span> <span class='ocrx_word' id='word_1_146' title='bbox 1441 1537 1600 1580; x_wconf 88' lang='lat' dir='ltr'>Itinere</span> <span class='ocrx_word' id='word_1_147' title='bbox 1642 1551 1719 1594; x_wconf 80' lang='lat' dir='ltr'>per</span> 
     </span>
     <span class='ocr_line' id='line_1_21' title="bbox 270 1607 1718 1663; baseline -0.003 -14"><span class='ocrx_word' id='word_1_148' title='bbox 270 1607 494 1649; x_wconf 80' lang='lat' dir='ltr'>Graeciam</span> <span class='ocrx_word' id='word_1_149' title='bbox 529 1607 905 1663; x_wconf 79' lang='lat' dir='ltr'>septentrionalem</span> <span class='ocrx_word' id='word_1_150' title='bbox 934 1607 1036 1649; x_wconf 86' lang='lat' dir='ltr'>Vol.</span> <span class='ocrx_word' id='word_1_151' title='bbox 1067 1607 1109 1649; x_wconf 92' lang='lat' dir='ltr'>II</span> <span class='ocrx_word' id='word_1_152' title='bbox 1140 1624 1206 1649; x_wconf 86' lang='lat' dir='ltr'>nr.</span> <span class='ocrx_word' id='word_1_153' title='bbox 1226 1608 1306 1659; x_wconf 81' lang='grc'>37,</span> <span class='ocrx_word' id='word_1_154' title='bbox 1351 1607 1476 1663; x_wconf 88' lang='lat' dir='ltr'>cujus</span> <span class='ocrx_word' id='word_1_155' title='bbox 1505 1620 1603 1663; x_wconf 83' lang='lat' dir='ltr'>pars</span> <span class='ocrx_word' id='word_1_156' title='bbox 1632 1618 1718 1646; x_wconf 86' lang='lat' dir='ltr'>me-</span> 
     </span>
     <span class='ocr_line' id='line_1_22' title="bbox 271 1672 1718 1732; baseline -0.001 -17"><span class='ocrx_word' id='word_1_157' title='bbox 271 1675 340 1715; x_wconf 86' lang='lat' dir='ltr'>dia</span> <span class='ocrx_word' id='word_1_158' title='bbox 364 1674 456 1729; x_wconf 86' lang='lat' dir='ltr'>jam</span> <span class='ocrx_word' id='word_1_159' title='bbox 489 1674 601 1715; x_wconf 84' lang='lat' dir='ltr'>edita</span> <span class='ocrx_word' id='word_1_160' title='bbox 636 1682 726 1716; x_wconf 79' lang='lat' dir='ltr'>erat</span> <span class='ocrx_word' id='word_1_161' title='bbox 757 1675 888 1732; x_wconf 89' lang='lat' dir='ltr'>Corp.</span> <span class='ocrx_word' id='word_1_162' title='bbox 922 1675 1060 1717; x_wconf 87' lang='lat' dir='ltr'>Iuscr.</span> <span class='ocrx_word' id='word_1_163' title='bbox 1102 1691 1167 1716; x_wconf 89' lang='lat' dir='ltr'>nr.</span> <span class='ocrx_word' id='word_1_164' title='bbox 1205 1675 1335 1729; x_wconf 71' lang='lat'>15733</span> <span class='ocrx_word' id='word_1_165' title='bbox 1383 1675 1468 1716; x_wconf 90' lang='lat' dir='ltr'>duo</span> <span class='ocrx_word' id='word_1_166' title='bbox 1497 1673 1549 1714; x_wconf 85' lang='lat' dir='ltr'>ab</span> <span class='ocrx_word' id='word_1_167' title='bbox 1581 1672 1718 1714; x_wconf 85' lang='lat' dir='ltr'>Erne-</span> 
     </span>
     <span class='ocr_line' id='line_1_23' title="bbox 271 1741 1719 1800; baseline -0.001 -17"><span class='ocrx_word' id='word_1_168' title='bbox 271 1751 336 1783; x_wconf 83' lang='lat' dir='ltr'>sto</span> <span class='ocrx_word' id='word_1_169' title='bbox 369 1741 522 1783; x_wconf 87' lang='lat' dir='ltr'>Curtio</span> <span class='ocrx_word' id='word_1_170' title='bbox 555 1742 659 1785; x_wconf 88' lang='lat' dir='ltr'>editi</span> <span class='ocrx_word' id='word_1_171' title='bbox 692 1743 737 1784; x_wconf 90' lang='lat' dir='ltr'>in</span> <span class='ocrx_word' id='word_1_172' title='bbox 767 1743 882 1784; x_wconf 86' lang='lat' dir='ltr'>Mus.</span> <span class='ocrx_word' id='word_1_173' title='bbox 918 1743 1058 1785; x_wconf 85' lang='lat' dir='ltr'>Rhen.</span> <span class='ocrx_word' id='word_1_174' title='bbox 1091 1743 1204 1785; x_wconf 88' lang='lat' dir='ltr'>Nov.</span> <span class='ocrx_word' id='word_1_175' title='bbox 1238 1743 1279 1784; x_wconf 94' lang='lat' dir='ltr'>II</span> <span class='ocrx_word' id='word_1_176' title='bbox 1310 1759 1352 1800; x_wconf 88' lang='lat' dir='ltr'>p.</span> <span class='ocrx_word' id='word_1_177' title='bbox 1380 1741 1459 1784; x_wconf 81' lang='grc'><strong>186</strong></span> <span class='ocrx_word' id='word_1_178' title='bbox 1485 1757 1577 1799; x_wconf 85' lang='lat' dir='ltr'>sqq.</span> <span class='ocrx_word' id='word_1_179' title='bbox 1610 1741 1719 1782; x_wconf 86' lang='lat' dir='ltr'>nr.7</span> 
     </span>
     <span class='ocr_line' id='line_1_24' title="bbox 271 1809 1552 1867; baseline 0 -18"><span class='ocrx_word' id='word_1_180' title='bbox 271 1817 311 1850; x_wconf 81' lang='lat' dir='ltr'>et</span> <span class='ocrx_word' id='word_1_181' title='bbox 341 1810 396 1862; x_wconf 79' lang='grc'>8,</span> <span class='ocrx_word' id='word_1_182' title='bbox 429 1825 612 1866; x_wconf 86' lang='lat' dir='ltr'>quorum</span> <span class='ocrx_word' id='word_1_183' title='bbox 643 1810 760 1867; x_wconf 88' lang='lat' dir='ltr'>prior</span> <span class='ocrx_word' id='word_1_184' title='bbox 791 1811 1071 1853; x_wconf 81' lang='lat' dir='ltr'>difficillimus</span> <span class='ocrx_word' id='word_1_185' title='bbox 1105 1819 1194 1853; x_wconf 86' lang='lat' dir='ltr'>erat</span> <span class='ocrx_word' id='word_1_186' title='bbox 1224 1811 1276 1852; x_wconf 85' lang='lat' dir='ltr'>ad</span> <span class='ocrx_word' id='word_1_187' title='bbox 1307 1809 1552 1866; x_wconf 76' lang='lat' dir='ltr'>legendum.</span> 
     </span>
    </p>

    <p class='ocr_par' dir='ltr' id='par_1_6' title="bbox 387 1875 1688 1937">
     <span class='ocr_line' id='line_1_25' title="bbox 387 1875 1688 1937; baseline -0.001 -20"><span class='ocrx_word' id='word_1_188' title='bbox 387 1877 775 1919; x_wconf 82' lang='lat' dir='ltr'>Lebadeensis</span> <span class='ocrx_word' id='word_1_189' title='bbox 806 1878 978 1922; x_wconf 83' lang='lat' dir='ltr'>brevior</span> <span class='ocrx_word' id='word_1_190' title='bbox 1007 1887 1072 1920; x_wconf 92' lang='lat' dir='ltr'>est</span> <span class='ocrx_word' id='word_1_191' title='bbox 1100 1879 1215 1937; x_wconf 88' lang='lat' dir='ltr'>apud</span> <span class='ocrx_word' id='word_1_192' title='bbox 1244 1879 1456 1920; x_wconf 83' lang='lat' dir='ltr'>Leakium</span> <span class='ocrx_word' id='word_1_193' title='bbox 1485 1877 1526 1918; x_wconf 92' lang='lat'>11</span> <span class='ocrx_word' id='word_1_194' title='bbox 1558 1892 1600 1933; x_wconf 89' lang='lat' dir='ltr'>p.</span> <span class='ocrx_word' id='word_1_195' title='bbox 1619 1875 1688 1917; x_wconf 81' lang='grc'>32.</span> 
     </span>
    </p>

    <p class='ocr_par' dir='ltr' id='par_1_7' title="bbox 275 1943 1719 2117">
     <span class='ocr_line' id='line_1_26' title="bbox 388 1943 1718 2003; baseline 0.001 -21"><span class='ocrx_word' id='word_1_196' title='bbox 388 1943 695 1999; x_wconf 67' lang='lat' dir='ltr'>(jopensem</span> <span class='ocrx_word' id='word_1_197' title='bbox 733 1945 972 1988; x_wconf 88' lang='lat' dir='ltr'>breviorem</span> <span class='ocrx_word' id='word_1_198' title='bbox 1014 1947 1189 2003; x_wconf 85' lang='lat' dir='ltr'>praebet</span> <span class='ocrx_word' id='word_1_199' title='bbox 1219 1945 1468 1988; x_wconf 83' lang='lat' dir='ltr'>Ulrichsius</span> <span class='ocrx_word' id='word_1_200' title='bbox 1507 1943 1551 1984; x_wconf 92' lang='lat' dir='ltr'>in</span> <span class='ocrx_word' id='word_1_201' title='bbox 1593 1945 1718 1984; x_wconf 75' lang='lat' dir='ltr'>Itine-</span> 
     </span>
     <span class='ocr_line' id='line_1_27' title="bbox 275 2009 1719 2069; baseline 0.001 -21"><span class='ocrx_word' id='word_1_202' title='bbox 275 2023 317 2049; x_wconf 81' lang='lat' dir='ltr'>re</span> <span class='ocrx_word' id='word_1_203' title='bbox 347 2009 512 2050; x_wconf 77' lang='lat' dir='ltr'>Graeco</span> <span class='ocrx_word' id='word_1_204' title='bbox 554 2011 655 2052; x_wconf 83' lang='lat' dir='ltr'>Vol.</span> <span class='ocrx_word' id='word_1_205' title='bbox 689 2012 707 2052; x_wconf 88' lang='lat' dir='ltr'>l</span> <span class='ocrx_word' id='word_1_206' title='bbox 756 2028 798 2069; x_wconf 87' lang='lat' dir='ltr'>p.</span> <span class='ocrx_word' id='word_1_207' title='bbox 831 2013 913 2055; x_wconf 79' lang='lat'>203</span> <span class='ocrx_word' id='word_1_208' title='bbox 957 2022 998 2055; x_wconf 86' lang='lat' dir='ltr'>et</span> <span class='ocrx_word' id='word_1_209' title='bbox 1041 2014 1199 2055; x_wconf 87' lang='lat' dir='ltr'>ibidem</span> <span class='ocrx_word' id='word_1_210' title='bbox 1239 2013 1351 2054; x_wconf 88' lang='lat' dir='ltr'>alius</span> <span class='ocrx_word' id='word_1_211' title='bbox 1390 2009 1542 2052; x_wconf 85' lang='lat' dir='ltr'>inediti</span> <span class='ocrx_word' id='word_1_212' title='bbox 1586 2024 1719 2067; x_wconf 88' lang='lat' dir='ltr'>pauca</span> 
     </span>
     <span class='ocr_line' id='line_1_28' title="bbox 275 2076 416 2117; baseline -0.007 0"><span class='ocrx_word' id='word_1_213' title='bbox 275 2076 416 2117; x_wconf 74' lang='lat' dir='ltr'>verba.</span> 
     </span>
    </p>

    <p class='ocr_par' dir='ltr' id='par_1_8' title="bbox 276 2143 1719 2338">
     <span class='ocr_line' id='line_1_29' title="bbox 384 2143 1716 2202; baseline 0.001 -18"><span class='ocrx_word' id='word_1_214' title='bbox 384 2143 696 2184; x_wconf 79' lang='lat' dir='ltr'>Thebanum</span> <span class='ocrx_word' id='word_1_215' title='bbox 753 2145 962 2187; x_wconf 80' lang='lat' dir='ltr'>ineditum</span> <span class='ocrx_word' id='word_1_216' title='bbox 1015 2145 1127 2186; x_wconf 86' lang='lat' dir='ltr'>inter</span> <span class='ocrx_word' id='word_1_217' title='bbox 1169 2145 1377 2187; x_wconf 67' lang='lat' dir='ltr'>Boeelzhii</span> <span class='ocrx_word' id='word_1_218' title='bbox 1421 2145 1566 2202; x_wconf 87' lang='lat' dir='ltr'>copias</span> <span class='ocrx_word' id='word_1_219' title='bbox 1611 2144 1716 2186; x_wconf 77' lang='lat' dir='ltr'>vidi.</span> 
     </span>
     <span class='ocr_line' id='line_1_30' title="bbox 276 2210 1719 2269; baseline 0.003 -19"><span class='ocrx_word' id='word_1_220' title='bbox 276 2210 386 2251; x_wconf 85' lang='lat' dir='ltr'>Eum</span> <span class='ocrx_word' id='word_1_221' title='bbox 421 2211 496 2268; x_wconf 89' lang='lat' dir='ltr'>qui</span> <span class='ocrx_word' id='word_1_222' title='bbox 537 2211 581 2251; x_wconf 92' lang='lat' dir='ltr'>in</span> <span class='ocrx_word' id='word_1_223' title='bbox 612 2211 743 2269; x_wconf 86' lang='lat' dir='ltr'>Corp.</span> <span class='ocrx_word' id='word_1_224' title='bbox 779 2213 916 2254; x_wconf 88' lang='lat' dir='ltr'>lnscr.</span> <span class='ocrx_word' id='word_1_225' title='bbox 961 2229 1027 2253; x_wconf 90' lang='lat' dir='ltr'>nr.</span> <span class='ocrx_word' id='word_1_226' title='bbox 1062 2213 1169 2255; x_wconf 81' lang='lat'>1578</span> <span class='ocrx_word' id='word_1_227' title='bbox 1206 2213 1347 2255; x_wconf 89' lang='lat' dir='ltr'>editus</span> <span class='ocrx_word' id='word_1_228' title='bbox 1387 2220 1482 2265; x_wconf 87' lang='lat' dir='ltr'>est,</span> <span class='ocrx_word' id='word_1_229' title='bbox 1529 2213 1719 2254; x_wconf 81' lang='lat' dir='ltr'>Leakius</span> 
     </span>
     <span class='ocr_line' id='line_1_31' title="bbox 277 2278 1716 2338; baseline 0.001 -20"><span class='ocrx_word' id='word_1_230' title='bbox 277 2286 317 2319; x_wconf 88' lang='lat' dir='ltr'>et</span> <span class='ocrx_word' id='word_1_231' title='bbox 348 2278 679 2320; x_wconf 84' lang='lat' dir='ltr'>emendatiorem</span> <span class='ocrx_word' id='word_1_232' title='bbox 714 2287 755 2321; x_wconf 89' lang='lat' dir='ltr'>et</span> <span class='ocrx_word' id='word_1_233' title='bbox 784 2280 836 2321; x_wconf 84' lang='lat' dir='ltr'>ab</span> <span class='ocrx_word' id='word_1_234' title='bbox 866 2280 990 2322; x_wconf 86' lang='lat' dir='ltr'>initio</span> <span class='ocrx_word' id='word_1_235' title='bbox 1019 2281 1252 2322; x_wconf 88' lang='lat' dir='ltr'>auctiorem</span> <span class='ocrx_word' id='word_1_236' title='bbox 1282 2280 1454 2338; x_wconf 84' lang='lat' dir='ltr'>repetiit</span> <span class='ocrx_word' id='word_1_237' title='bbox 1482 2280 1523 2321; x_wconf 92' lang='lat' dir='ltr'>Il</span> <span class='ocrx_word' id='word_1_238' title='bbox 1555 2296 1621 2321; x_wconf 87' lang='lat' dir='ltr'>nr.</span> <span class='ocrx_word' id='word_1_239' title='bbox 1646 2279 1716 2322; x_wconf 87' lang='lat'>45.</span> 
     </span>
    </p>

    <p class='ocr_par' dir='ltr' id='par_1_9' title="bbox 277 2345 1720 2605">
     <span class='ocr_line' id='line_1_32' title="bbox 388 2345 1720 2390; baseline 0.002 -4"><span class='ocrx_word' id='word_1_240' title='bbox 388 2345 604 2386; x_wconf 85' lang='lat' dir='ltr'>Ptoium</span> <span class='ocrx_word' id='word_1_241' title='bbox 637 2347 808 2389; x_wconf 89' lang='lat' dir='ltr'>titulum</span> <span class='ocrx_word' id='word_1_242' title='bbox 839 2347 867 2388; x_wconf 91' lang='lat' dir='ltr'>i.</span> <span class='ocrx_word' id='word_1_243' title='bbox 896 2363 934 2389; x_wconf 88' lang='lat' dir='ltr'>e.</span> <span class='ocrx_word' id='word_1_244' title='bbox 968 2348 1159 2389; x_wconf 85' lang='lat' dir='ltr'>muneris</span> <span class='ocrx_word' id='word_1_245' title='bbox 1191 2365 1214 2390; x_wconf 86' lang='lat' dir='ltr'>a</span> <span class='ocrx_word' id='word_1_246' title='bbox 1243 2349 1430 2390; x_wconf 90' lang='lat' dir='ltr'>concilio</span> <span class='ocrx_word' id='word_1_247' title='bbox 1460 2348 1720 2390; x_wconf 85' lang='lat' dir='ltr'>Boeotorum</span> 
     </span>
     <span class='ocr_line' id='line_1_33' title="bbox 277 2412 1716 2473; baseline 0.003 -22"><span class='ocrx_word' id='word_1_248' title='bbox 277 2412 474 2468; x_wconf 87' lang='lat' dir='ltr'>Apollini</span> <span class='ocrx_word' id='word_1_249' title='bbox 516 2414 643 2455; x_wconf 84' lang='lat' dir='ltr'>l&#39;toio</span> <span class='ocrx_word' id='word_1_250' title='bbox 674 2414 857 2456; x_wconf 84' lang='lat' dir='ltr'>dedicati</span> <span class='ocrx_word' id='word_1_251' title='bbox 899 2414 1224 2471; x_wconf 87' lang='lat' dir='ltr'>inscriptionem</span> <span class='ocrx_word' id='word_1_252' title='bbox 1259 2415 1505 2458; x_wconf 76' lang='lat' dir='ltr'>Uli-iehsius</span> <span class='ocrx_word' id='word_1_253' title='bbox 1545 2417 1574 2458; x_wconf 91' lang='lat' dir='ltr'>l.</span> <span class='ocrx_word' id='word_1_254' title='bbox 1607 2416 1638 2457; x_wconf 93' lang='grc'>1.</span> <span class='ocrx_word' id='word_1_255' title='bbox 1673 2431 1716 2473; x_wconf 86' lang='lat' dir='ltr'>p.</span> 
     </span>
     <span class='ocr_line' id='line_1_34' title="bbox 277 2480 1718 2541; baseline 0.004 -22"><span class='ocrx_word' id='word_1_256' title='bbox 277 2480 359 2520; x_wconf 75' lang='lat'>247</span> <span class='ocrx_word' id='word_1_257' title='bbox 403 2480 566 2536; x_wconf 88' lang='lat' dir='ltr'>publici</span> <span class='ocrx_word' id='word_1_258' title='bbox 600 2482 716 2536; x_wconf 87' lang='lat' dir='ltr'>juris</span> <span class='ocrx_word' id='word_1_259' title='bbox 755 2482 889 2535; x_wconf 80' lang='lat' dir='ltr'>fecit,</span> <span class='ocrx_word' id='word_1_260' title='bbox 939 2498 1023 2539; x_wconf 91' lang='lat' dir='ltr'>quo</span> <span class='ocrx_word' id='word_1_261' title='bbox 1056 2484 1204 2538; x_wconf 87' lang='lat' dir='ltr'>jndice</span> <span class='ocrx_word' id='word_1_262' title='bbox 1243 2484 1389 2541; x_wconf 82' lang='lat' dir='ltr'>paullo</span> <span class='ocrx_word' id='word_1_263' title='bbox 1419 2490 1515 2541; x_wconf 83' lang='lat' dir='ltr'>post</span> <span class='ocrx_word' id='word_1_264' title='bbox 1545 2483 1718 2525; x_wconf 84' lang='lat' dir='ltr'>Thebas</span> 
     </span>
     <span class='ocr_line' id='line_1_35' title="bbox 280 2549 1170 2605; baseline 0.004 -19"><span class='ocrx_word' id='word_1_265' title='bbox 280 2554 535 2589; x_wconf 78' lang='lat' dir='ltr'>restauratas</span> <span class='ocrx_word' id='word_1_266' title='bbox 569 2549 640 2590; x_wconf 87' lang='lat'>01.</span> <span class='ocrx_word' id='word_1_267' title='bbox 678 2550 787 2603; x_wconf 71' lang='lat'>116,</span> <span class='ocrx_word' id='word_1_268' title='bbox 824 2552 843 2592; x_wconf 89' lang='grc'><strong>1</strong></span> <span class='ocrx_word' id='word_1_269' title='bbox 878 2550 1062 2605; x_wconf 84' lang='lat' dir='ltr'>scriptus</span> <span class='ocrx_word' id='word_1_270' title='bbox 1093 2559 1170 2592; x_wconf 83' lang='lat' dir='ltr'>est.</span> 
     </span>
    </p>

    <p class='ocr_par' dir='ltr' id='par_1_10' title="bbox 390 2613 1716 2676">
     <span class='ocr_line' id='line_1_36' title="bbox 390 2613 1716 2676; baseline 0.005 -23"><span class='ocrx_word' id='word_1_271' title='bbox 390 2613 430 2653; x_wconf 83' lang='lat' dir='ltr'>T</span> <span class='ocrx_word' id='word_1_272' title='bbox 444 2615 635 2673; x_wconf 75' lang='lat' dir='ltr'>hespie</span> <span class='ocrx_word' id='word_1_273' title='bbox 649 2618 768 2658; x_wconf 71' lang='lat' dir='ltr'>usis</span> <span class='ocrx_word' id='word_1_274' title='bbox 811 2631 1038 2674; x_wconf 71' lang='lat' dir='ltr'>paucorum</span> <span class='ocrx_word' id='word_1_275' title='bbox 1072 2618 1296 2660; x_wconf 69' lang='lat' dir='ltr'>verborum</span> <span class='ocrx_word' id='word_1_276' title='bbox 1329 2619 1559 2660; x_wconf 78' lang='lat' dir='ltr'>Praxitelis</span> <span class='ocrx_word' id='word_1_277' title='bbox 1597 2619 1716 2676; x_wconf 79' lang='lat' dir='ltr'>operi</span> 
     </span>
    </p>
   </div>
   <div class='ocr_carea' id='block_1_3' title="bbox 279 2680 1713 2788">
    <p class='ocr_par' dir='ltr' id='par_1_11' title="bbox 279 2680 1713 2788">
     <span class='ocr_line' id='line_1_37' title="bbox 279 2680 1713 2742; baseline 0.004 -22"><span class='ocrx_word' id='word_1_278' title='bbox 279 2680 576 2736; x_wconf 45' lang='lat' dir='ltr'>pulcherrimi&lt;</span> <span class='ocrx_word' id='word_1_279' title='bbox 626 2685 764 2725; x_wconf 65' lang='lat' dir='ltr'>literis</span> <span class='ocrx_word' id='word_1_280' title='bbox 820 2685 1090 2742; x_wconf 72' lang='lat' dir='ltr'>subscriptus</span> <span class='ocrx_word' id='word_1_281' title='bbox 1142 2686 1252 2742; x_wconf 84' lang='lat' dir='ltr'>apud</span> <span class='ocrx_word' id='word_1_282' title='bbox 1303 2686 1508 2727; x_wconf 78' lang='lat' dir='ltr'>Leakium</span> <span class='ocrx_word' id='word_1_283' title='bbox 1553 2685 1592 2726; x_wconf 89' lang='lat' dir='ltr'>Il</span> <span class='ocrx_word' id='word_1_284' title='bbox 1649 2701 1713 2727; x_wconf 83' lang='lat' dir='ltr'>nr.</span> 
     </span>
     <span class='ocr_line' id='line_1_38' title="bbox 279 2749 343 2788; baseline 0.031 -2"><span class='ocrx_word' id='word_1_285' title='bbox 279 2749 343 2788; x_wconf 69' lang='lat'>17.</span> 
     </span>
    </p>
   </div>
  </div>
 </body>
</html>
