1779 3079
217 212 318 262 286
721 215 795 260 De
832 213 1181 279 conjugatione.

219 351 403 409 stirpes,
437 367 618 408 quarum
650 351 830 394 initialis
862 353 986 394 litera
1015 352 1180 396 vocalis
1210 361 1302 407 est,
1334 354 1589 414 plerumque
1613 372 1682 398 se-

218 420 406 460 eundum
450 420 674 476 vulgarem
718 436 842 462 usum
886 437 966 478 pro
1011 421 1355 478 redupfieatione
1403 430 1680 481 augmentum

217 488 451 544 temporale
483 488 728 541 asciscunt,
778 504 864 546 quo
897 507 922 529 α
955 505 1040 530 non
1072 489 1118 530 in
1151 508 1200 539 η,
1249 491 1324 531 sed
1367 490 1412 531 in
1446 508 1471 531 α
1502 491 1681 548 longum

218 556 380 597 Doriee
410 555 595 597 transire
626 572 754 613 supra
785 556 1072 599 indicavimus
1115 559 1274 611 §.19,
1307 559 1350 599 2.
1424 558 1549 600 Talia
1581 567 1682 600 sunt

216 623 442 678 μετᾶλλαχα
486 623 619 665 Ther.
665 626 792 667 2448.
839 625 890 677 Ι,
942 626 1018 678 12,
1080 626 1355 678 ἁλιφθέρωκα
1401 625 1561 683 Sopbr.
1606 626 1679 679 63,

218 688 344 744 ἆγμαι
375 691 627 747 saepissime
659 692 773 749 apud
803 692 1139 747 Archimedem,
1185 694 1299 751 apud
1338 695 1521 736 eundem
1556 693 1682 746 ἀφαί-

218 777 348 815 ρημαι
391 758 553 815 legitur
600 760 651 801 de
700 760 809 801 Con.
857 777 900 818 p.
934 761 1032 803 259.
1066 762 1163 803 301.
1207 761 1305 804 302.
1348 762 1430 804 305
1473 777 1594 819 seqq.
1639 769 1681 803 et

218 827 540 882 ὁιαιρήσθωσαν
572 827 624 869 de
654 828 799 868 Helie.
842 843 884 884 p.
919 829 999 870 241
1045 844 1097 869 ex
1140 829 1331 871 editione
1362 829 1607 870 Basileensi
1639 838 1681 872 et

219 895 369 936 codiee
401 894 602 936 Parisino
624 895 659 935 B
692 894 862 937 restitui
893 902 1062 952 oportet
1093 912 1170 954 pro
1203 897 1504 950 διῃρήσθωσαν
1535 901 1680 954 (saepe

216 973 357 1005 tamen
391 963 547 1018 ᾖρημαι
577 970 642 1004 est
674 962 767 1003 sine
798 961 914 1004 varia
945 962 1184 1018 lectione),
1217 979 1347 1021 quare
1373 965 1681 1016 καθαιρημένος

220 1030 476 1088 scripsimus
507 1030 665 1088 Sophr.
697 1031 753 1074 20
781 1046 860 1088 pro
892 1032 1201 1086 καθῃρημὲιυς.
1278 1031 1517 1072 Rectiusne
1560 1036 1681 1084 αἵρη-

216 1117 289 1152 μαι
319 1098 532 1139 scribatur
563 1114 615 1138 an
650 1097 832 1151 (ignium,
882 1098 994 1140 infra
1025 1115 1281 1156 quaeremus
1312 1099 1352 1152 ξ.
1376 1099 1445 1148 36,
1473 1100 1514 1142 8.
1559 1101 1680 1156 Aug·-

217 1174 409 1208 mentnm
439 1167 687 1223 neglectum
720 1172 786 1207 est
829 1165 873 1206 in
907 1166 1184 1219 οἱκοὸόμημαι
1217 1167 1392 1208 Herael.
1425 1168 1473 1220 Ι,
1505 1167 1574 1208 64.
1607 1168 1677 1209 89.

216 1237 267 1278 91
302 1243 343 1275 et
375 1235 475 1276 item
519 1235 562 1274 in
595 1236 764 1286 οἴκημαι
792 1234 991 1275 Arehim.
1025 1235 1163 1276 Areu.
1204 1252 1246 1292 p.
1280 1236 1376 1277 319.
1419 1262 1473 1267 -
1532 1234 1678 1276 Redu-

216 1303 393 1361 plieatio
423 1303 567 1343 Attica
599 1310 664 1343 est
695 1302 738 1342 in
771 1301 963 1343 ἀπόλωλα
997 1302 1172 1344 Herael.
1208 1303 1258 1343 B.
1293 1303 1372 1355 39,
1418 1302 1461 1343 in
1496 1302 1679 1357 ἁγάγοχα

216 1372 268 1413 ab
303 1371 385 1424 ἄγω
416 1371 503 1412 vid.
537 1370 578 1423 ξ.
612 1371 692 1423 42,
726 1386 804 1411 nee
837 1369 1108 1422 dubitamus,
1150 1371 1255 1428 quin
1288 1371 1331 1411 in
1362 1371 1584 1427 plerisque
1614 1387 1678 1412 re-

215 1439 349 1497 liquis
392 1438 550 1491 fuerit,
597 1454 706 1496 quae
743 1438 877 1495 vulgo
918 1454 1009 1480 eam
1050 1439 1285 1496 postulant.
1359 1439 1469 1480 Nam
1503 1439 1676 1487 ἄκουκα,

217 1507 269 1548 de
300 1523 386 1564 quo
417 1506 514 1548 vide
545 1506 585 1559 ξ.
619 1508 702 1558 42,
745 1506 890 1562 potius
930 1514 996 1548 est
1034 1508 1272 1563 perfeetum
1305 1506 1325 1547 1
1356 1506 1551 1548 Doribus
1582 1522 1678 1563 pro-

215 1575 360 1633 prium
390 1591 469 1632 pro
509 1574 680 1630 vulgari
718 1574 914 1631 pel-secto
956 1574 1147 1616 seeundo
1190 1573 1352 1624 ἀκήκοα
1397 1590 1539 1631 neque
1577 1573 1679 1615 inde

217 1644 270 1684 de
301 1642 643 1699 reduplicatione
688 1642 860 1699 saepius
901 1643 1102 1699 neglecta
1134 1643 1424 1698 conjecturam
1455 1643 1597 1684 faeere
1628 1641 1677 1684 li-

215 1719 307 1765 θεῖ,
364 1711 554 1763 ἤνεγμαι,
602 1710 717 1768 quod
753 1709 982 1766 aliquoties
1023 1710 1186 1767 legitur
1225 1710 1339 1768 apud
1370 1709 1676 1751 Archimedem

218 1780 271 1820 de
315 1779 457 1820 Helie.
506 1794 549 1835 p.
583 1779 666 1820 220
696 1794 851 1836 seqq.,
903 1794 1021 1819 mero
1067 1778 1303 1835 spbalmate
1342 1794 1420 1835 pro
1462 1776 1677 1830 ἐνήνεγμαι

218 1848 424 1904 seriptum
458 1862 553 1888 esse
585 1845 775 1898 videtur,
823 1845 939 1902 quod
980 1844 1142 1886 ibidem
1176 1847 1310 1887 multo
1345 1845 1519 1903 saepius
1550 1845 1676 1886 tradi·

216 1924 313 1965 tur:>
373 1915 530 1956 Doridi
572 1930 657 1955 non
691 1913 912 1970 proprium
953 1920 1019 1954 est
1061 1913 1402 1965 tinauatm'pvurac
1434 1912 1589 1969 Soplnr.
1624 1912 1676 1953 33

214 1983 309 2023 sine
342 1982 684 2038 reduplicatione
717 1981 802 2021 vid.
838 1980 999 2021 Buttm.
1036 1980 1053 2020 l
1085 1981 1126 2032 ξ.
1161 1981 1215 2021 85
1257 1987 1346 2020 not.
1384 1982 1420 2020 l.
1455 2007 1506 2011 —
1549 1980 1675 2019 Cete-

216 2067 309 2092 rum
351 2048 635 2105 reduplicatio
677 2056 718 2088 et
758 2055 1036 2103 aug-mentum
1079 2047 1498 2104 praepositionibus,
1547 2055 1592 2087 ut
1630 2047 1676 2086 fit

216 2119 374 2175 vulg0‚
408 2117 534 2158 etiam
568 2116 609 2156 in
644 2116 698 2156 iis
729 2115 898 2167 verbis,
948 2131 1056 2171 quae
1091 2114 1233 2170 potius
1265 2130 1287 2154 e
1321 2115 1573 2172 compositis
1604 2114 1674 2155 de-

215 2187 348 2227 rivata
380 2201 507 2243 quam
539 2184 631 2242 ipsa
678 2182 1034 2238 compositionem
1078 2198 1202 2238 passa
1247 2190 1372 2229 sunt,
1422 2183 1675 2239 plerumque

214 2260 559 2312 postponuntur,
609 2259 653 2292 ut
694 2252 909 2290 ἑιιὸᾉιὼίυκα
953 2250 1120 2290 llerael.
1156 2251 1202 2301 l,
1234 2251 1286 2290 72
1329 2267 1350 2291 a
1392 2266 1504 2291 novo
1544 2250 1675 2290 verbo

215 2322 384 2369 ἐιιιῖιόω,
435 2319 684 2370 ἐνδεὸάμῃκα
719 2317 835 2357 Cret.
871 2319 1008 2361 305&
1054 2334 1076 2357 e
1119 2318 1331 2358 contrario
1362 2317 1674 2369 πεῑιριιιγγύῡυκιι

216 2390 390 2431 Heracl.
427 2390 470 2437 l,
512 2389 585 2428 117
618 2394 681 2427 est
713 2403 735 2425 a
765 2384 978 2437 nyviyyvog
1011 2385 1037 2425 i.
1073 2401 1110 2425 e.
1146 2386 1398 2439 ssgtoiiijog.
1433 2385 1670 2437 ῖιρυέγγιός.

332 2458 477 2509 Quum
522 2453 821 2511 antiquissima
855 2454 1115 2493 Graecorum
1159 2453 1333 2509 lingua,
1384 2452 1425 2492 id
1466 2451 1581 2507 qnod
1623 2468 1673 2492 ex

219 2524 464 2566 Homericis
497 2522 760 2564 carminibus
795 2520 898 2560 satis
930 2529 1069 2576 patet,
1119 2537 1202 2560 non
1248 2521 1331 2561 dno
1371 2519 1538 2559 diversa
1581 2534 1674 2574 per-

220 2593 326 2633 l'eetu
361 2591 560 2641 tinxerit,
609 2590 682 2631 sed
716 2604 845 2629 nninn
880 2603 924 2626 ra
960 2589 1082 2645 lege„
1130 2596 1175 2628 ut
1205 2595 1299 2644 post
1332 2586 1500 2627 vocales
1532 2585 1673 2626 termi-

219 2659 379 2700 nationi
414 2676 461 2703 κ,
496 2659 539 2698 ἰιι
570 2666 688 2714 parte
720 2656 866 2696 saltem
901 2656 1129 2695 formarum
1151 2689 1160 2705 ,
1197 2655 1527 2712 praefigeretur,
1574 2669 1673 2694 con-

218 2742 347 2767 sonae
388 2733 527 2766 autem
570 2725 744 2781 stirpem
788 2722 1039 2764 claudentes
1082 2739 1134 2763 ne
1176 2738 1360 2779 unquam
1393 2728 1672 2772 mutarentur,

219 2794 470 2835 recentioris
506 2793 679 2848 linguae
701 2791 1055 2832 consuetudinem
1087 2790 1240 2830 Dorica
1263 2790 1470 2830 dialectus
1495 2795 1675 2843 sequuta
