1779 3079
521 209 560 267 ς.
600 210 672 259 19.
744 211 817 256 De
854 231 882 254 a
917 226 1002 271 pro
1034 232 1073 266 η.
1425 211 1521 261 145

78 341 314 400 inquibus
346 342 438 401 ipsa
468 343 614 385 Atthis
643 343 837 385 lonicum
869 347 894 383 ἆ
922 351 1162 396 aversatur,
1202 352 1244 386 et
1271 345 1404 389 verbo
1432 361 1520 388 mo·

78 424 261 463 nemus,
312 410 455 451 omnia
495 410 699 452 vocabula
742 417 858 452 certo
899 411 1168 468 cognationis
1210 412 1382 455 vinculo
1421 429 1520 455 con-

73 476 226 531 juncta
257 477 395 519 eidem
426 478 672 519 mutationis
700 477 789 535 legi
815 477 999 519 obnoxia
1024 493 1146 532 esse,
1179 480 1520 523 testimoniorum

76 543 205 587 fidem
234 545 369 604 magis
399 544 688 601 quaesivimus
721 561 847 603 quam
878 545 1210 587 multitudinem.

193 612 388 654 Subinde
427 611 633 653 Doricum
677 613 701 652 ἆ
737 629 815 670 pro
853 612 1000 655 Attico
1045 629 1061 652 ε
1102 629 1198 655 csse
1237 614 1428 668 videtur,
1474 622 1522 656 ut

80 678 166 727 ἇώς
202 695 279 737 pro
319 683 417 727 ἕως,
465 678 555 720 θάα
594 696 672 737 pro
710 682 812 729 θέα,
860 682 973 721 λαῖον
1016 680 1084 721 vel
1126 681 1270 737 potius
1309 683 1406 732 λᾷον
1444 698 1522 739 pro

77 749 205 800 λεῖονῇ
252 747 327 788 sed
372 746 532 804 ubique
577 763 592 787 ε
637 763 689 788 ex
725 747 874 789 lonico
918 767 941 797 η
983 755 1125 788 natum
1169 763 1265 788 esse
1308 749 1518 805 apparuit.

77 813 241 854 Eodem
290 813 505 870 pertinent
550 814 735 856 derivata
780 831 803 856 a
844 818 970 868 ναῦς,
1029 823 1074 857 ut
1122 814 1297 868 ιάώριον
1340 814 1519 873 Coi-cyr.

78 880 204 933 1838,
234 881 288 934 l),
321 882 436 939 quod
467 881 614 923 Ionicc
645 890 814 924 sonaret
842 882 1030 936 '1'251'3()⁶0¹²·

186 947 231 999 7)
291 947 448 990 Contra
490 951 665 1006 vulgare
709 970 733 1000 η
788 950 831 991 ἰη
875 950 1035 992 Dorica
1088 950 1269 991 dialecto
1314 958 1519 1005 servatur,

75 1014 324 1073 ubicunque
354 1033 405 1058 ex
437 1033 453 1057 ε
483 1025 627 1059 natum
660 1026 740 1070 est,
771 1017 982 1059 Lesbiaca
1005 1017 1186 1059 dialecto
1208 1018 1520 1072 consentiente,

76 1081 279 1124 Boeotica
321 1103 343 1133 η
382 1100 405 1125 a
442 1084 606 1127 Doride
647 1092 858 1126 servatum
900 1084 943 1125 in
990 1101 1023 1125 ει
1061 1093 1250 1127 mutante
1291 1086 1378 1127 vid.
1414 1086 1466 1127 L.
1502 1086 1521 1126 I

75 1149 118 1202 ξ.
151 1150 219 1192 39.
280 1151 387 1192 Eam
418 1152 578 1192 vocalis
611 1170 634 1201 η
667 1152 874 1208 originem
906 1159 1060 1194 certam
1093 1154 1252 1194 habent
1282 1155 1409 1195 haec:

160 1217 205 1272 a)
264 1219 515 1261 nominativi
546 1220 694 1261 tertiae
726 1219 1055 1272 declinationis,
1085 1221 1158 1277 qui
1191 1222 1234 1261 in
1259 1239 1330 1271 ης,
1363 1237 1440 1275 ηρ,
1474 1239 1522 1270 ην

77 1294 282 1327 exeuntes
321 1287 535 1345 genitivos
575 1287 618 1328 in
661 1291 828 1336 50312),
879 1304 971 1340 ὅρος
1009 1288 1079 1328 vel
1119 1289 1255 1344 ejecto
1297 1305 1313 1328 ε
1353 1289 1398 1329 in
1433 1306 1519 1341 ρος,

48 1344 166 1401 ἐνος
203 1354 456 1407 terminant,
502 1363 549 1396 ut
578 1354 738 1408 εὐγενής
767 1355 917 1397 Boeot.
964 1353 1153 1408 ειῗγειέίς,
1203 1355 1335 1410 πατήρ
1367 1356 1518 1398 Boeot.

76 1422 242 1474 πατεῖρ,
274 1422 425 1474 ποιμήν
456 1423 600 1464 Alcm.
627 1424 653 1466 8
684 1431 726 1464 et
757 1439 808 1463 ex
830 1422 1067 1463 Herodiani
1089 1422 1333 1463 testimonio
1364 1431 1452 1465 not.
1476 1423 1519 1475 6,

79 1489 191 1542 φρήν
222 1490 353 1531 Pind.
383 1493 450 1541 ¹3).
510 1491 560 1532 ln
602 1491 656 1532 iis
696 1490 973 1542 nominibus,
1018 1506 1126 1546 quim
1158 1491 1200 1530 in
1234 1508 1285 1543 ηρ
1317 1498 1520 1532 exeuntes

75 1572 153 1614 per
180 1557 410 1615 plerosque
442 1573 566 1599 casus
598 1577 620 1607 η
654 1565 848 1609 servant,
895 1565 1033 1598 tamen
1077 1559 1156 1599 hoe
1197 1575 1248 1599 ex
1278 1575 1295 1598 ε
1325 1558 1521 1615 prodisse

78 1639 101 1665 e
130 1625 337 1666 vocativis
367 1632 408 1665 et
437 1625 658 1666 femininis
689 1625 916 1681 aliquoties
946 1634 1143 1682 apparet,
1175 1634 1221 1667 ut
1248 1626 1406 1679 σωτήρ,
1442 1628 1523 1666 σῶ-

76 1707 168 1744 τερ,
203 1691 390 1746 σώτειρα.
455 1692 598 1745 Quare
629 1692 752 1733 etiam
785 1692 924 1733 Dores
955 1693 999 1732 in
1030 1692 1120 1733 illis
1154 1711 1174 1741 η
1206 1693 1443 1749 proferunt,
1477 1700 1523 1733 ut

80 1758 231 1811 στατήρ
262 1759 426 1812 Lacon.
460 1760 565 1801 1511
598 1769 638 1801 ct
668 1760 903 1801 derivatum
936 1763 1116 1813 σωτηρία
1148 1760 1321 1801 Herael.
1354 1768 1435 1803 cte.
1468 1786 1522 1791 —

77 1826 144 1868 Eo
173 1826 390 1885 pertinent
419 1826 542 1868 etiam
575 1827 839 1881 δικαστήριον
867 1835 909 1868 et
939 1827 1215 1881 ἔῑῑικριτήριον
1247 1827 1362 1868 Cret.
1392 1825 1520 1877 2556,

78 1909 320 1951 quanquam
363 1894 560 1947 ὃικαστήρ
606 1903 647 1936 et
678 1894 823 1947 κριτής)
857 1911 934 1952 pro
969 1895 1162 1944 δικαστής
1193 1903 1235 1936 et
1266 1894 1406 1950 κριτής
1437 1911 1522 1935 non

78 1969 177 2003 sunt
204 1963 247 2003 in
280 1978 389 2015 usu,
434 1962 692 2019 cogitatione
732 1972 871 2004 tamen
903 1963 1101 2020 fingenda
1133 1971 1258 2015 sunt,
1302 1962 1416 2003 unde
1446 1962 1523 2003 illa

78 2029 336 2070 deriventur.

160 2095 206 2150 b)
267 2097 517 2153 praeterita,
564 2114 671 2154 quae
713 2118 735 2147 η
778 2099 819 2140 in
862 2100 1000 2141 fronte
1040 2097 1196 2138 habent
1234 2097 1450 2153 augmenti
1480 2098 1522 2138 vi

80 2178 133 2205 ex
163 2179 180 2203 ε
210 2164 393 2213 factum,
444 2173 491 2206 ut
531 2165 712 2220 ἤρχόμαν
752 2168 802 2207 ab
835 2166 1003 2221 ἔρχομαι
1034 2166 1122 2207 vid.
1156 2173 1244 2206 not.
1278 2167 1331 2217 4,
1373 2165 1518 2218 ἥψετο,

80 2229 285 2285 ἐξήνεγκεὸ
318 2232 583 2287 conjunctivi
612 2234 961 2285 terminationes,
994 2234 1068 2275 ubi
1102 2252 1122 2283 η
1156 2249 1207 2274 ex
1236 2249 1252 2272 ε
1284 2241 1427 2274 natum
1458 2234 1520 2272 in-

80 2297 254 2340 dicativi
284 2300 541 2357 comparatio
571 2302 740 2358 prodit,
772 2310 817 2343 ut
844 2302 1024 2358 βλάπτῃ,
1059 2304 1242 2355 firmat,
1271 2299 1446 2357 optativi
1475 2299 1520 2339 in

129 2440 185 2479 12)
233 2440 329 2473 Ann.
357 2440 457 2477 OXX.
483 2442 523 2483 l,
553 2444 636 2485 HS,
665 2446 696 2477 7.
730 2443 775 2476 τὰ
801 2443 843 2480 εἷς
868 2456 926 2487 ης,
952 2440 1006 2476 ὅτε
1031 2443 1086 2475 ἐπὶ
1110 2445 1236 2486 γενικῆς
1263 2441 1306 2479 εἷς
1332 2456 1388 2479 ους
1415 2440 1522 2485 λήγει,

79 2495 120 2531 οὗ
145 2498 326 2543 τρέπουσιν
350 2497 380 2529 οἱ
404 2499 552 2543 Δωριεῖς.

127 2557 184 2598 13)
232 2556 291 2588 Ex
322 2555 390 2597 iis,
437 2567 529 2598 quae
567 2557 594 2599 ξ,
624 2559 665 2591 16
696 2556 739 2589 ad
771 2558 875 2602 ([ρασί
905 2556 1191 2602 disputavimus,
1229 2564 1381 2600 apparet
1413 2556 1521 2590 etiam

80 2611 170 2657 φράν
195 2620 230 2646 et
256 2613 348 2657 εἴρειν
373 2613 514 2655 aliquid
541 2613 786 2647 excusationis
812 2615 981 2649 habitura
1006 2625 1108 2656 esse,
1136 2615 1219 2647 item
1245 2612 1395 2655 ποιμάν,
1421 2614 1520 2656 quod

81 2669 332 2712 frequentatur
377 2670 473 2714 apud
520 2671 757 2704 Theocritum
776 2697 787 2713 ,
838 2672 939 2705 verbi
976 2673 1143 2711 ποιμαὶνω
1183 2681 1362 2704 memores
1405 2673 1522 2704 minus

82 2725 308 2761 confidenter
332 2727 582 2761 damnaremus
600 2754 608 2770 ,
647 2728 715 2761 nisi
754 2728 928 2763 disertum
958 2727 1157 2762 Herodiani
1184 2727 1431 2761 testimonium
1456 2727 1519 2761 ad-

81 2789 184 2817 esset.

142 2856 200 2897 11.
1208 2860 1258 2901 10
