1779 3079
550 219 589 277 ᾗ.
625 219 701 266 23.
772 218 845 265 De
875 217 1087 265 diaeresi.
1453 219 1540 268 191

212 356 256 401 9>
300 354 541 409 Addimus,
574 368 815 412 quanquam
847 368 914 394 res
949 354 999 394 ab
1030 355 1110 395 hoc
1142 355 1281 412 capite
1301 354 1437 397 aliena
1460 364 1542 410 est,

101 437 384 480 apocopen
421 439 444 464 a
483 421 772 479 grammaticis
797 420 953 462 Doridi
995 422 1126 462 tribui
1147 425 1206 474 8),
1250 439 1337 464 non
1367 440 1543 483 praepo·

102 491 332 543 sitionum,
364 506 472 549 quae
502 490 554 531 ab
585 488 773 545 antiquis
794 489 935 546 potius
958 504 1144 545 syncope
1168 491 1408 547 appellatur
1436 493 1541 544 (vid.

100 558 142 611 ξ.
174 557 269 612 43),
311 558 384 599 sed
415 557 680 599 audaciorem
713 556 830 597 illam
863 556 907 597 in
942 557 1022 605 δῶ,
1068 558 1136 608 κρῖ
1165 573 1241 614 pro
1274 559 1411 611 δῶμα,
1452 561 1544 615 κρῖ-

100 643 221 677 μνον,
254 626 306 666 de
335 625 492 682 quihus
524 623 632 665 dixit
661 622 909 665 Loheckius
939 623 1099 665 Parall.
1134 640 1177 680 p.
1212 626 1306 666 115.
1368 627 1453 669 Ista
1484 635 1542 669 ta—

99 708 198 734 men
230 692 420 750 exempla
451 691 679 733 Homerica
710 698 835 744 sunt,
876 707 1135 749 quocunque
1165 692 1292 734 modo
1324 694 1375 734 de
1402 710 1544 750 gram-

100 759 350 801 maticorum
380 759 584 817 opinione
608 758 858 814 judicabiS‚
904 759 1048 801 Attica
1080 762 1276 801 Ποσειδῶ
1314 768 1355 802 et
1395 765 1541 813 κυκεῶ,

98 843 206 885 quae
239 826 477 884 Gregorius
516 834 558 868 et
596 826 774 883 Trypho
813 827 1004 880 addunt,
1052 829 1186 867 κίνδου
1228 844 1304 884 pro
1343 830 1539 879 κίνδυνος,

99 894 214 951 quod
244 894 449 952 Trypho,
482 895 736 948 Aeolicum,
767 894 855 936 vid.
888 895 983 936 L.I
1016 895 1056 948 ξ.
1087 896 1142 938 22
1170 903 1260 938 not.
1292 897 1334 937 4.
1394 897 1545 954 Itaque

97 961 219 1003 nullo
245 964 344 1016 Jure
375 963 455 1003 hoc
484 978 696 1020 apocopae
726 978 862 1020 genus
889 962 1178 1005 Doriensibus
1209 964 1397 1006 adscribi
1427 965 1543 1007 vide-

97 1036 189 1077 tur,
223 1029 309 1070 nisi
342 1029 385 1070 id
416 1037 591 1087 propter
620 1030 922 1087 Epicharmum
955 1031 1111 1071 factum
1142 1039 1232 1081 est,
1266 1032 1339 1090 qui
1370 1040 1411 1074 et
1442 1032 1545 1074 ἀπό-

96 1114 278 1148 τρωκτον
309 1096 473 1154 primus
511 1098 733 1140 invenisse
774 1098 954 1140 traditur
975 1096 1009 1153 ⁹)
1049 1106 1090 1139 et
1119 1098 1328 1141 Strabone
1356 1100 1465 1141 VIII
1496 1117 1541 1158 p.

96 1164 179 1206 560
208 1170 313 1206 teste
345 1167 384 1205 λί
411 1165 520 1206 dixit
547 1182 626 1223 pro
655 1167 762 1215 λίαν,
794 1165 973 1220 Συρακώ
996 1182 1074 1223 pro
1096 1167 1378 1221 Συράκουσαι,
1412 1184 1543 1225 quare

94 1238 209 1273 recte
239 1231 598 1275 Schneidewinus
631 1232 844 1289 Conjectt.
884 1250 927 1291 p.
962 1234 1015 1275 73
1055 1234 1287 1277 frustulum
1319 1235 1363 1276 in
1394 1235 1539 1292 Etyni.

94 1299 156 1341 M.
191 1300 284 1341 sine
315 1301 488 1342 nomine
520 1308 730 1342 servatum
753 1300 808 1356 ¹⁰)
839 1301 892 1342 ad
916 1301 1222 1358 Epicharmum
1251 1303 1398 1344 retulit
1427 1310 1468 1344 ct
1499 1303 1541 1344 in

95 1367 243 1409 eodem
265 1372 482 1422 Συρακοῦς
512 1368 749 1426 genitivum
779 1385 873 1412 esse
904 1369 1134 1411 intellexit.
1188 1370 1284 1412 Hoc
1311 1386 1398 1412 non
1430 1379 1544 1412 recte

94 1436 146 1477 ad
189 1451 408 1493 apocopen
447 1435 625 1484 referri,
673 1437 749 1477 sed
785 1442 953 1495 poetam
990 1438 1131 1493 stagni
1160 1438 1338 1490 Συρακώ
1370 1455 1543 1489 nomen,

95 1504 210 1545 unde
244 1503 478 1560 Syracusas
509 1503 743 1561 appellatas
773 1521 869 1546 esse
899 1513 1091 1557 constat,
1139 1505 1192 1546 ad
1228 1505 1363 1562 ipsam
1395 1507 1542 1548 urbem

94 1571 345 1613 adhibuisse
376 1571 485 1613 vidit
512 1571 777 1613 Lobeckius.
841 1571 958 1624 Quid
999 1572 1050 1613 de
1095 1574 1132 1613 λί
1155 1573 1438 1627 judicandum
1471 1574 1543 1628 sit,

93 1639 210 1680 latet.

210 1706 464 1763 Syncope
505 1706 674 1748 Cretica
716 1705 883 1754 αἰπόλος
924 1722 976 1747 ex
1016 1707 1232 1760 αι’γοπόλος
1261 1709 1418 1750 factum
1452 1724 1544 1750 esse

96 1773 252 1815 dieitur
283 1775 326 1815 in
358 1775 501 1831 Etym.
535 1774 649 1816 Gud.
686 1775 764 1824 14,
796 1775 866 1817 25.

746 1881 787 1934 ξ.
819 1882 889 1923 23.

650 1974 728 2004 lle
757 1974 986 2007 diaeresi-

210 2051 250 2101 1)
308 2051 568 2094 Diaereseos
611 2052 695 2095 duo
735 2069 893 2110 genera
935 2055 1215 2097 distinximus
1252 2057 1355 2098 L.I
1400 2060 1439 2110 ξ.
1475 2060 1540 2101 18.

95 2118 319 2166 Alterum,
366 2136 496 2177 quum
539 2120 862 2178 diphthongus,
908 2139 1016 2180 quae
1059 2123 1297 2182 antiquitus
1338 2126 1447 2173 fuit,
1498 2127 1543 2167 in

95 2185 292 2242 singulos
325 2203 453 2228 sonos
488 2187 730 2241 dirimitur,
778 2198 825 2231 ut
866 2190 956 2232 ὅϊδα
996 2207 1074 2249 pro
1120 2191 1235 2241 οἶδα,
1270 2193 1542 2253 *Lesbiorum

140 2331 176 2370 δ)
226 2331 260 2364 J.
290 2331 354 2363 Gr.
381 2332 460 2371 242,
486 2333 530 2374 b'‚
561 2334 680 2369 Vatic.
710 2339 776 2372 693
803 2348 880 2371 cum
907 2339 1079 2382 exemplo
1106 2341 1171 2377 δῶ,
1196 2339 1347 2372 Meerm.
1373 2341 1439 2374 656
1463 2351 1543 2373 cum

93 2388 139 2419 δῶ
166 2396 197 2420 et
227 2392 294 2433 κρῖ,
334 2388 399 2422 Gr.
430 2389 468 2422 C.
498 2392 565 2424 309
590 2402 669 2425 cum
696 2396 760 2432 δῶ,
786 2396 951 2430 Ποσειδῶ.
993 2418 1029 2423 --
1080 2396 1222 2440 Tryph.
1250 2400 1346 2429 παθ.
1373 2399 1435 2434 λεξ.
1463 2408 1542 2430 cum

94 2446 276 2489 exemplis
301 2447 367 2487 ὸῶ,
396 2449 518 2489 κυκεῶ,
547 2449 666 2484 aivam.
701 2471 743 2476 —
792 2452 915 2486 Draco
944 2465 977 2498 p.
999 2453 1093 2496 '161‚
1123 2456 1162 2488 13
1188 2464 1377 2498 apocopen
1405 2462 1439 2487 et
1464 2454 1541 2487 Do-

95 2502 203 2536 ricam
231 2510 266 2536 et
293 2503 450 2536 Atticam
477 2515 557 2537 esse
583 2507 705 2541 tradit.

139 2562 174 2601 9)
222 2560 326 2594 Suid.
355 2572 381 2594 S.
411 2572 443 2594 v.
471 2561 574 2604 ἄλαι,
600 2563 763 2603 ἄλφιτον·
787 2569 891 2601 τοῦτο
919 2568 953 2599 δὲ
979 2569 1132 2599 καλεῖται
1153 2565 1393 2611 (ἶπότρωκτον,
1417 2565 1436 2602 ὅ
1460 2581 1542 2608 φασι

95 2620 228 2660 πρῶτον
253 2616 361 2663 ειιῗρὸἴν
381 2617 604 2664 Ἐπίχαρμον.

143 2677 197 2716 ἶθ)
246 2676 305 2709 Et.
338 2675 387 2708 Μ.
426 2678 510 2713 736,
545 2679 599 2711 26.
651 2680 722 2711 καὶ
759 2679 839 2717 τὰς
876 2680 1040 2717 κλὲινάς
1075 2683 1330 2724 Σι’ρακοῦς’
1379 2680 1537 2731 ἀποβολῇ

94 2731 127 2762 ἐκ
159 2735 220 2765 τοῖ’
249 2733 484 2778 Συρακοιῖσας.
549 2735 721 2770 Correxit
749 2738 1055 2772 Schneidewinus
1089 2739 1141 2770 mi
1176 2741 1238 2774 τᾶς
1265 2741 1391 2777 κλεινᾶς
1415 2742 1535 2787 Συρα-

95 2790 187 2822 κοῖις,
214 2791 309 2831 quod
341 2791 436 2824 idem
461 2792 729 2827 Sehlensnorns
757 2802 1009 2838 proposuerat.
