1779 3079
603 162 646 222 §.
684 163 729 210 2.
802 165 874 211 De
909 164 1129 213 sontibus.
1550 167 1579 214 7

159 297 268 338 cueil
324 296 592 351 d’antiquite's
649 299 736 339 Vol.
779 299 834 339 II.
889 300 951 338 Pl.
991 300 1155 340 LW-
1179 301 1340 350 LVIII,
1394 299 1576 355 Augusti

156 370 341 419 tempore
372 363 589 419 scriptum,
621 363 740 417 cujus
771 364 973 404 dialcetus
1004 366 1109 407 nihil
1138 368 1226 407 fere
1256 367 1392 408 differt
1421 383 1442 407 a
1474 367 1575 407 Les-

156 429 300 484 biaca3
340 429 521 485 denique
549 429 716 484 ignotae
746 430 863 471 urbis
892 430 1091 472 Aeolicae
1123 433 1332 474 decretum
1362 434 1414 474 ad
1452 434 1576 473 Lam-

155 511 385 553 psacenos,
425 495 538 537 unde
577 497 781 537 nonnulla
819 497 1083 553 protulerunt
1112 499 1298 541 lioenius
1336 499 1389 541 ad
1417 499 1576 555 Grego-

155 562 261 603 rium
314 569 355 604 et
402 562 571 604 Giesius
624 562 677 602 de
729 562 906 604 dialecto
947 564 1149 618 Aeolica,
1204 567 1307 606 meis
1360 567 1574 625 precibuS‚

154 629 276 686 quale
305 645 403 671 mox
432 629 475 670 in
508 628 694 686 Corpore
723 631 1052 687 Inscriptionum
1083 631 1334 672 Graecarum
1365 633 1408 673 in
1438 634 1576 674 lucem

153 696 370 754 prodibit,
429 695 590 751 insigni
643 696 898 737 humanitate
942 696 1145 738 Bocclchii
1188 707 1229 739 et
1270 698 1440 740 Franzii
1478 715 1575 740 con-

154 778 334 804 cessum.
418 762 590 803 Titulus
642 770 737 803 ante
781 762 1066 805 Romanorum
1110 764 1155 806 iu
1198 764 1286 805 illis
1330 765 1575 819 regionibus

154 829 375 886 imperium
421 829 603 886 scriptus
646 829 835 883 videturz,
894 830 1104 871 interdum
1147 831 1292 888 purior
1332 832 1576 873 Aeolismus

153 896 435 949 desideratur,
466 904 513 937 ut
539 898 676 937 πᾶσαν
704 897 734 938 l.
767 898 792 938 9
822 912 898 953 pro
927 898 1100 946 πταῖσαν,
1133 898 1162 938 l.
1194 899 1249 940 28
1277 898 1471 952 ὑπάρχειν
1499 915 1576 956 pro

151 961 336 1017 ὑπάρχην
365 969 469 1008 etc..
508 962 575 1004 vel
606 962 807 1003 dialectus
837 963 919 1004 sihi
948 980 1032 1005 nou
1063 972 1249 1017 constat,
1288 973 1334 1005 ut
1363 965 1392 1005 l.
1428 965 1492 1006 16.
1524 966 1578 1006 ,22

152 1029 306 1086 legitur
335 1031 376 1069 ἐν
405 1033 457 1081 τῷ
487 1030 622 1083 ayma,
654 1046 889 1086 quanquam
921 1030 964 1071 in
996 1030 1170 1086 reliquis
1204 1031 1285 1071 iota
1315 1031 1441 1071 dativi
1471 1047 1576 1073 sem-

150 1112 227 1154 per
256 1096 484 1149 omittitur,
516 1112 622 1153 quae
650 1096 750 1137 inde
780 1097 1030 1154 explicanda
1060 1106 1180 1146 sunt,
1214 1098 1326 1153 quod
1355 1098 1577 1155 inscriptio

152 1163 401 1220 Lampsaci,
446 1163 490 1204 in
520 1163 623 1204 urhe
653 1179 738 1204 non
767 1164 968 1217 Aeolica,
999 1181 1020 1205 a
1048 1163 1227 1222 lapicida
1257 1164 1458 1206 Aeolicae
1489 1165 1578 1205 dia-

150 1230 247 1271 lecti
276 1231 423 1287 ignaro
453 1231 586 1272 incisa
615 1237 693 1272 est.
725 1256 778 1262 —

233 1297 275 1348 3)
307 1297 463 1339 Poetae
485 1297 649 1348 Lesbii,
680 1298 918 1339 Alcaeus
949 1307 989 1339 ct
1019 1298 1247 1355 Sappho,
1278 1297 1455 1340 Aeolica
1484 1298 1513 1338 i.
1536 1313 1573 1339 e.

151 1364 357 1405 Lesbiaea
387 1364 564 1406 dialecto
597 1365 661 1405 usi
691 1366 884 1406 seruntur
903 1368 947 1417 2)
978 1373 1018 1405 et
1048 1365 1292 1421 saepissime
1322 1380 1344 1404 a
1374 1380 1577 1420 gramma-

149 1431 244 1472 ticis
281 1432 372 1487 ejus
411 1439 600 1472 auctores
641 1430 863 1472 hahentur.
953 1433 1010 1473 Et
1049 1432 1148 1472 satis
1179 1431 1348 1487 quidem
1387 1438 1577 1471 accurate

149 1515 237 1539 eam
269 1506 583 1555 expresserunt,
615 1515 719 1552 non⁷
750 1507 796 1540 ut
824 1499 972 1539 Dorici
1002 1502 1149 1556 po‘etae
1178 1497 1320 1553 lyrici,
1352 1497 1575 1537 dialectum

149 1566 231 1607 sibi
268 1565 351 1622 ipsi
389 1565 604 1606 finxerunt
632 1581 654 1605 e
683 1566 809 1606 variis
840 1565 1030 1605 dialectis
1073 1565 1360 1621 compositam.
1447 1563 1576 1604 Modo

148 1632 260 1673 enim
289 1639 554 1689 reputemus7
604 1632 647 1671 in
688 1632 934 1687 fragmentis
963 1632 1031 1671 hic
1062 1631 1152 1671 illic
1182 1631 1358 1671 servatis
1387 1629 1575 1686 proprie-

147 1706 271 1740 tatem
302 1698 469 1738 dialecti
498 1697 621 1738 facile
653 1698 809 1751 deleri,
854 1698 1132 1754 paucissima,
1177 1697 1303 1737 immo
1341 1697 1459 1737 nulla
1491 1697 1575 1736 fere

146 1766 257 1823 apud
285 1766 383 1806 illos
413 1765 612 1820 leg-untur
641 1764 802 1806 diversa
832 1765 884 1805 ab
914 1764 966 1804 iis
987 1794 998 1815 ,
1030 1780 1136 1821 quae
1165 1764 1336 1805 aliunde
1368 1762 1575 1804 Lesbiaca

145 1833 276 1874 fuisse
305 1839 463 1873 eertum
493 1839 569 1872 cst.
630 1832 739 1881 Nam
767 1847 820 1872 ne
852 1831 1041 1888 duplices
1071 1831 1267 1888 quidem,
1311 1846 1417 1887 quae
1446 1830 1573 1870 iuter-

145 1900 244 1942 dum
272 1899 540 1957 reperiuntur
560 1900 627 1950 3),
674 1899 831 1939 formae
862 1906 960 1938 sunt
990 1905 1100 1938 certa
1130 1898 1282 1939 mixtae
1313 1897 1481 1938 dialecti
1510 1896 1574 1937 in-

145 1966 279 2021 dicia3
310 1981 433 2022 saepe
463 1965 576 2006 enim
605 1965 650 2005 in
680 1964 839 2020 linguis
870 1972 910 2005 et
940 1964 1130 2006 dialectis
1160 1965 1286 2005 simul
1317 1964 1460 2019 vigent
1489 1965 1573 2004 for-

144 2049 233 2075 mae
274 2032 487 2090 pleniores
529 2039 570 2072 et
611 2031 852 2084 breviores,
909 2030 1186 2071 obsoletiore-s
1231 2038 1272 2072 et
1315 2031 1570 2080 usitatiores,

135 2115 281 2156 ⁴neque
328 2099 480 2139 mirum
526 2098 705 2139 maxime
747 2102 893 2155 poetas
936 2098 1060 2138 talem
1104 2097 1275 2153 linguae
1320 2096 1482 2154 copiam
1526 2097 1569 2138 in

145 2183 265 2208 suum
295 2182 415 2207 usum
445 2174 686 2207 convertere
703 2195 716 2218 7
747 2172 793 2205 ut
823 2164 949 2205 iidem
978 2164 1208 2222 quantitate
1238 2165 1495 2222 syllabarum
1525 2164 1569 2204 in

187 2349 223 2390 2)
270 2347 394 2391 Apoll.
428 2346 473 2380 de
504 2353 598 2392 synt.
624 2349 710 2385 279,
735 2349 790 2382 25.
847 2348 976 2382 Joann.
1015 2346 1081 2380 Gr.
1113 2347 1197 2388 245,
1224 2347 1263 2388 b,
1307 2346 1418 2389 Grcg.
1456 2346 1495 2380 C.
1531 2357 1565 2390 p.

121 2407 265 2447 *fif-11,
304 2404 407 2437 Leid.
434 2405 522 2446 639,
559 2404 709 2438 Meerm.
734 2407 816 2447 623,
841 2404 973 2448 Epigr.
999 2403 1036 2437 in
1060 2404 1197 2438 Scholl.
1224 2403 1333 2438 Pind.
1361 2415 1394 2447 p.
1423 2407 1460 2445 8,
1488 2404 1531 2436 B.

186 2471 221 2510 3)
271 2468 319 2502 Ut
342 2470 451 2510 πιέζω
475 2474 511 2501 et
533 2466 652 2510 πιάζω
681 2469 777 2512 apud
804 2469 977 2503 Alcaeum
1002 2474 1091 2502 teste
1117 2467 1251 2500 Herod.
1278 2479 1315 2500 π.
1341 2479 1380 2509 μ.
1405 2464 1434 2499 7..
1459 2467 1519 2506 44,
1544 2468 1565 2500 9

142 2539 186 2582 (ᾗ.
212 2537 253 2571 12
278 2540 350 2569 not.
378 2535 435 2579 l);
461 2546 541 2577 gen.
567 2547 620 2579 sg.
647 2535 740 2569 decl.
766 2537 815 2569 ΙΙ.
840 2535 875 2569 in
901 2526 1068 2571 ἶεῑῖἦῖ
1090 2536 1117 2577 §.
1143 2536 1205 2576 20,
1231 2536 1271 2574 33
1298 2533 1368 2567 dat.
1396 2533 1445 2577 pl.
1472 2534 1562 2566 decl.

142 2605 211 2638 III.
236 2603 272 2637 in
296 2594 374 2637 ῧῖι-
393 2610 428 2637 et
447 2594 485 2637 E}
515 2603 543 2645 §.
569 2606 634 2646 21,
659 2606 701 2647 33
737 2602 889 2648 βασίληα
914 2611 949 2638 et
970 2601 1134 2645 Ἀχίλλεα
1171 2604 1197 2643 ξ.
1224 2603 1289 2643 21,
1317 2604 1359 2643 (33
1384 2601 1563 2643 digamma

142 2661 249 2695 modo
284 2667 501 2705 assumptum
540 2660 646 2697 modo
682 2661 883 2704 neglectum
911 2661 983 2696 vid.
1009 2665 1038 2706 ᾗ.
1065 2662 1104 2703 5,
1128 2662 1169 2701 33
1203 2656 1348 2702 πὸθημι
1374 2665 1408 2692 et
1433 2656 1562 2700 ποθήω

142 2719 170 2761 §.
195 2719 256 2760 25,
281 2719 301 2752 5
325 2724 389 2752 etc.
