1779 3079
538 201 615 251 Ad
650 201 864 249 Librum
901 201 1140 248 Primum.
1465 203 1565 252 535

111 336 155 376 ἐν
184 335 227 377 τὸ
259 335 542 379 ’Δσκλαπιεῖον
581 353 645 379 nr.
684 339 721 380 1.
802 339 1027 380 Postremo
1059 339 1099 387 ἐξ
1128 335 1336 380 Boeotico
1367 352 1486 379 more
1515 337 1561 378 in
1611 377 1614 380 Α

111 403 154 451 ἐς
182 410 399 458 mutatur,
446 411 492 446 ut
523 405 701 460 ἐςγόνοις
743 421 808 447 nr.
842 408 869 447 2
910 408 939 448 l.
975 408 1045 449 18.

224 472 578 530 patronymicum
605 473 804 517 Boeotici
843 474 934 531 typi
971 475 1188 527 Κρεοῖνδαι
1228 473 1258 515 i.
1292 489 1330 514 e.
1365 472 1562 515 Creon·

109 537 183 580 tis
213 541 458 597 posteri,
502 542 784 599 Seopadae
822 542 999 599 praebet
1030 541 1292 583 Theocritus
1321 541 1457 594 XVI,
1490 541 1558 583 39.

109 607 161 648 In
193 606 553 666 inscriptionibus
584 617 725 651 tamen
756 608 965 651 Boeotico
996 625 1113 650 more
1144 617 1326 667 regnant
1360 616 1561 667 patrony-

110 673 222 716 mica
261 675 305 716 in
338 693 402 724 ιος
430 678 687 719 desinentia.
785 677 907 731 Quae
947 692 1080 735 quum
1119 693 1142 717 a
1182 676 1431 719 nominihus
1474 675 1561 733 pri-

108 757 203 785 mae
232 742 537 786 declinationis
567 744 849 799 derivantur,
903 744 948 786 in
983 761 1076 792 αιος
1106 752 1293 786 exeunt:
1345 749 1563 785 Παυσανι-

111 810 202 858 αἷος
240 826 307 851 nr.
332 811 360 852 2
397 811 429 852 l.
454 812 496 853 2.
529 813 584 866 9,
629 815 917 869 Πυρριὸαἶος,
960 812 1266 861 Εὐκλειδαῖος,
1311 813 1560 859 Αιίκιαὸαἶος,

106 880 359 932 “Ερμιαῒος,
404 882 723 933 Εὶρακλειὸαἷος
754 897 820 922 nr.
852 881 908 929 8,
962 880 1318 934 Πολεμαρχιὸαἷος
1348 879 1398 920 C.
1424 879 1458 919 I.
1494 894 1560 919 nr.

108 946 232 988 1766.
326 947 471 1001 Quum
506 964 530 990 a
561 948 811 991 nominibus
845 948 1060 990 secundae
1092 948 1160 989 vel
1192 946 1343 990 tertiae
1375 946 1562 988 deelina—

107 1013 240 1056 tionis
272 1015 570 1069 descendunt,
631 1017 680 1059 in>
708 1033 792 1063 ειος
822 1015 1051 1057 desinunt:
1114 1016 1373 1063 Πίωῑκέλειος
1419 1030 1484 1055 nr.
1522 1015 1562 1065 l,

109 1081 376 1136 Ἀντιγόνειος
407 1092 448 1126 et
476 1084 704 1133 Εὐδόξειος
748 1101 815 1125 nr.
847 1086 905 1137 2,
966 1084 1262 1136 Δαμαιμὲτειος
1306 1099 1372 1123 nr.
1405 1083 1463 1136 8,
1523 1088 1565 1123 et

108 1149 318 1192 feminina
346 1151 620 1205 Eaejpvnofifla
652 1169 717 1193 nr,
751 1153 807 1203 5,
856 1153 1110 1192 Ἱππολυτεία
1141 1168 1206 1192 nr.
1239 1151 1296 1202 (5,
1343 1148 1565 1202 Εὐρίοτειά

114 1233 181 1258 nr.
204 1217 258 1272 73
302 1217 605 1267 Ἀλαισούνειος
634 1236 700 1261 nr.
732 1221 759 1262 2
790 1220 820 1260 l.
847 1219 903 1272 6,
949 1218 1198 1266 Νικοὺυειος
1231 1220 1337 1260 nr.4
1368 1233 1389 1258 a
1420 1218 1565 1258 Νίκων

108 1285 167 1326 ef.
205 1317 213 1325 .
233 1303 443 1335 ..ουνειος
473 1304 539 1329 nr.
571 1288 629 1339 8,
669 1287 929 1340 Ἀντιγὲνειος
960 1303 1025 1327 nr.
1059 1288 1085 1328 2
1118 1288 1147 1328 l.
1171 1288 1211 1327 4.
1245 1286 1286 1328 8.
1349 1285 1562 1338 Observa,

108 1360 255 1394 eontra
274 1353 531 1397 Boeotieum
562 1372 723 1397 morem
755 1371 777 1396 a
809 1354 1061 1396 nominibus
1092 1355 1135 1395 in
1170 1356 1244 1402 ὁας
1270 1352 1564 1412 patronymica

107 1421 308 1464 derivari.
369 1423 439 1466 De
470 1424 570 1466 aliis
603 1439 733 1481 supra
764 1423 925 1465 dietum
956 1430 1036 1464 est.

220 1553 348 1611 Pag.
392 1554 474 1597 223
515 1562 650 1596 extr.
725 1555 965 1606 Thessali,
1029 1562 1075 1596 nt
1119 1570 1236 1596 nune
1282 1552 1563 1610 intelligitur,

107 1628 326 1680 praeterea
371 1637 469 1663 eum
513 1622 688 1664 Lesbiis
730 1623 974 1664 eommunia
1032 1623 1223 1665 habent:
1284 1622 1370 1663 iota
1426 1637 1448 1662 e
1502 1620 1564 1661 di—

109 1690 347 1748 phthongis
371 1698 469 1731 ante
495 1698 728 1748 sequentes
756 1692 926 1732 vocales
952 1691 1168 1746 objectum
1197 1698 1239 1731 et
1264 1689 1347 1730 iota
1376 1688 1564 1729 subseri*

108 1766 230 1816 ptum
263 1757 310 1799 in
345 1758 500 1799 dativis
532 1758 768 1813 omissum,
831 1775 925 1800 euni
960 1759 1138 1800 Boeotis
1170 1756 1493 1815 coujugationis
1524 1763 1566 1798 et

109 1827 155 1868 in
185 1844 216 1867 ω
246 1833 289 1868 et
326 1826 373 1867 iu
406 1844 450 1878 μι
481 1826 719 1868 infinitivos
754 1827 797 1868 in
828 1843 898 1878 μεν
931 1827 1178 1869 desinentes
1210 1833 1252 1867 et
1282 1823 1564 1883 praepositio·

108 1908 213 1936 num
243 1895 283 1934 ἐν
313 1902 355 1935 et
387 1895 427 1941 ἐς
456 1910 582 1935 usum
611 1910 689 1951 pro
712 1896 768 1942 εἰς
800 1902 842 1936 et
873 1897 936 1945 ἐξ,·
980 1911 1076 1936 eum
1108 1895 1304 1951 utrisque
1333 1893 1563 1934 verborum

107 1964 238 2020 vulgo
276 1969 592 2004 contractorum
641 1962 872 2003 flexionem
920 1963 1158 2004 seeundum
1211 1958 1562 2015 conjugationem

108 2031 153 2072 in
186 2048 244 2083 μυ.
321 2030 547 2071 Peculiare
588 2030 701 2071 inter
730 2031 894 2072 Aeoles
925 2030 1152 2073 Thessalis
1185 2037 1250 2071 est
1279 2035 1563 2070 extremarum

107 2097 369 2155 syllabarum
399 2098 612 2155 correptio
643 2098 818 2139 Dorica.

224 2166 352 2223 Pag.
383 2166 467 2208 225
498 2182 647 2224 seqq.
690 2167 834 2219 8152.
911 2168 979 2209 De
1011 2166 1194 2208 dialecto
1226 2163 1431 2205 Eleorum
1464 2161 1562 2202 vide

111 2250 221 2293 qnae
252 2233 364 2274 infra
404 2233 457 2274 ad
486 2233 692 2275 Eleorum
726 2243 766 2276 et
796 2235 1109 2277 Heraeensium
1140 2232 1294 2273 foedus
1326 2229 1561 2286 disputabi—

109 2317 221 2344 mus.
281 2301 366 2342 Hic
397 2317 529 2358 pauca
559 2302 756 2343 addimus
787 2305 917 2344 haee:

224 2370 350 2426 Pag.
383 2368 466 2411 226
504 2369 535 2408 l.
568 2368 637 2411 20.
700 2371 771 2411 Ad
801 2370 999 2411 Eliaeum
1033 2367 1137 2419 βαδὺ
1168 2367 1226 2406 ef.
1260 2364 1451 2421 Hesych.
1484 2364 1563 2415 βά-

111 2439 244 2488 ὄηδοο.
283 2435 430 2491 ἠχεῖοι,
472 2436 545 2477 ubi
576 2437 700 2479 valde
730 2438 871 2494 plaeet
902 2434 1109 2476 Pearsoni
1141 2432 1380 2474 emendatio
1411 2430 1558 2484 βαδὺ,

113 2504 217 2555 ἡδύ’
258 2503 431 2544 ’Histoe
521 2504 657 2545 Aliud
701 2505 914 2562 (lig-amma
961 2503 1005 2543 in
1051 2507 1079 2554 μ)
1123 2500 1271 2542 mutati
1317 2499 1561 2555 exemplum

113 2572 289 2630 praebet
319 2571 475 2613 Strabo
505 2571 631 2612 VIII.
674 2588 714 2628 p.
749 2573 856 2621 338,
907 2570 982 2626 qni
1015 2569 1156 2610 Elidis
1187 2566 1392 2624 oppidum
1423 2571 1561 2606 Βοιω-

113 2640 197 2682 ’νώα
228 2655 566 2682 commemorans
607 2638 725 2680 addit
763 2639 833 2688 τὴν
874 2638 951 2692 γὰρ
991 2636 1146 2685 Οἰνόην
1177 2636 1280 2676 οὕτω
1314 2634 1445 2673 καλεῖν
1475 2632 1559 2672 ecbi-

112 2715 268 2761 θασιν,
314 2715 360 2748 nt
391 2714 506 2748 reete
539 2706 705 2749 Βοινώα
736 2715 807 2748 ant
840 2705 997 2746 Βοινόα
1029 2702 1209 2745 rescribi
1241 2702 1447 2743 videatur,

229 2775 366 2817 Aliud
396 2775 640 2831 exemplum
673 2791 696 2814 σ
736 2776 779 2815 in
823 2792 845 2828 ρ
886 2772 1033 2814 mutati
1075 2768 1440 2811 Schneidewinus
1478 2765 1561 2807 sibi
