<?xml version="1.0" encoding="UTF-8"?>
<!DOCTYPE html PUBLIC "-//W3C//DTD XHTML 1.0 Transitional//EN"
    "http://www.w3.org/TR/xhtml1/DTD/xhtml1-transitional.dtd">
<html xmlns="http://www.w3.org/1999/xhtml" xml:lang="en" lang="en">
 <head>
  <title>
</title>
<meta http-equiv="Content-Type" content="text/html;charset=utf-8" />
  <meta name='ocr-system' content='tesseract 3.04.00' />
  <meta name='ocr-capabilities' content='ocr_page ocr_carea ocr_par ocr_line ocrx_word'/>
</head>
<body>
  <div class='ocr_page' id='page_1' title='image "./degraecaelinguae01ahreuoft_0016.png"; bbox 0 0 1818 3108; ppageno 0'>
   <div class='ocr_carea' id='block_1_1' title="bbox 250 195 292 241">
    <p class='ocr_par' dir='ltr' id='par_1_1' title="bbox 250 195 292 241">
     <span class='ocr_line' id='line_1_1' title="bbox 250 195 292 241; baseline 0 0"><span class='ocrx_word' id='word_1_1' title='bbox 250 195 292 241; x_wconf 96' lang='lat' dir='ltr'>X</span> 
     </span>
    </p>
   </div>
   <div class='ocr_carea' id='block_1_2' title="bbox 246 321 1687 2676">
    <p class='ocr_par' dir='ltr' id='par_1_2' title="bbox 246 321 1687 2676">
     <span class='ocr_line' id='line_1_2' title="bbox 247 321 1677 391; baseline -0.01 -14"><span class='ocrx_word' id='word_1_2' title='bbox 247 330 559 391; x_wconf 87' lang='lat' dir='ltr'><strong>reprehendent</strong></span> <span class='ocrx_word' id='word_1_3' title='bbox 601 338 642 371; x_wconf 89' lang='lat' dir='ltr'><strong>et</strong></span> <span class='ocrx_word' id='word_1_4' title='bbox 684 325 1011 380; x_wconf 86' lang='lat' dir='ltr'><strong>desiderabunt,</strong></span> <span class='ocrx_word' id='word_1_5' title='bbox 1054 325 1129 383; x_wconf 89' lang='lat' dir='ltr'><strong>qui</strong></span> <span class='ocrx_word' id='word_1_6' title='bbox 1168 324 1204 366; x_wconf 92' lang='lat' dir='ltr'><strong>si</strong></span> <span class='ocrx_word' id='word_1_7' title='bbox 1241 322 1418 366; x_wconf 79' lang='lat' dir='ltr'><strong>meliora</strong></span> <span class='ocrx_word' id='word_1_8' title='bbox 1446 321 1677 374; x_wconf 86' lang='lat' dir='ltr'><strong>docebunt,</strong></span> 
     </span>
     <span class='ocr_line' id='line_1_3' title="bbox 248 413 1678 484; baseline -0.01 -16"><span class='ocrx_word' id='word_1_9' title='bbox 248 425 538 484; x_wconf 75' lang='lat' dir='ltr'><strong>gratissimum</strong></span> <span class='ocrx_word' id='word_1_10' title='bbox 577 420 702 464; x_wconf 90' lang='lat' dir='ltr'><strong>nobis</strong></span> <span class='ocrx_word' id='word_1_11' title='bbox 743 420 912 462; x_wconf 84' lang='lat' dir='ltr'><strong>sacient.</strong></span> <span class='ocrx_word' id='word_1_12' title='bbox 985 417 1033 460; x_wconf 90' lang='lat' dir='ltr'><strong>Si</strong></span> <span class='ocrx_word' id='word_1_13' title='bbox 1069 433 1152 474; x_wconf 90' lang='lat' dir='ltr'><strong>qua</strong></span> <span class='ocrx_word' id='word_1_14' title='bbox 1182 416 1361 459; x_wconf 87' lang='lat' dir='ltr'><strong>deerunt</strong></span> <span class='ocrx_word' id='word_1_15' title='bbox 1398 431 1450 457; x_wconf 80' lang='lat' dir='ltr'><strong>ex</strong></span> <span class='ocrx_word' id='word_1_16' title='bbox 1487 413 1678 471; x_wconf 80' lang='lat' dir='ltr'><strong>antiquis</strong></span> 
     </span>
     <span class='ocr_line' id='line_1_4' title="bbox 249 505 1680 579; baseline -0.01 -18"><span class='ocrx_word' id='word_1_17' title='bbox 249 516 560 579; x_wconf 77' lang='lat' dir='ltr'>grammaticis,</span> <span class='ocrx_word' id='word_1_18' title='bbox 599 531 623 556; x_wconf 85' lang='lat' dir='ltr'><strong>e</strong></span> <span class='ocrx_word' id='word_1_19' title='bbox 662 512 941 570; x_wconf 79' lang='lat' dir='ltr'>scriptoribus</span> <span class='ocrx_word' id='word_1_20' title='bbox 970 510 1190 563; x_wconf 86' lang='lat' dir='ltr'><strong>Acolicis,</strong></span> <span class='ocrx_word' id='word_1_21' title='bbox 1236 524 1289 551; x_wconf 81' lang='lat' dir='ltr'><strong>cx</strong></span> <span class='ocrx_word' id='word_1_22' title='bbox 1327 505 1680 565; x_wconf 79' lang='lat' dir='ltr'><strong>inscriptionibus</strong></span> 
     </span>
     <span class='ocr_line' id='line_1_5' title="bbox 249 598 1679 669; baseline -0.011 -15"><span class='ocrx_word' id='word_1_23' title='bbox 249 622 374 669; x_wconf 88' lang='lat' dir='ltr'><strong>atque</strong></span> <span class='ocrx_word' id='word_1_24' title='bbox 403 608 611 658; x_wconf 83' lang='lat' dir='ltr'><strong>nummis,</strong></span> <span class='ocrx_word' id='word_1_25' title='bbox 659 621 766 664; x_wconf 89' lang='lat' dir='ltr'><strong>quae</strong></span> <span class='ocrx_word' id='word_1_26' title='bbox 795 605 846 646; x_wconf 89' lang='lat' dir='ltr'><strong>ad</strong></span> <span class='ocrx_word' id='word_1_27' title='bbox 878 602 1099 644; x_wconf 80' lang='lat' dir='ltr'><strong>Aeolicam</strong></span> <span class='ocrx_word' id='word_1_28' title='bbox 1129 601 1356 642; x_wconf 71' lang='lat' dir='ltr'><strong>dialectum</strong></span> <span class='ocrx_word' id='word_1_29' title='bbox 1384 598 1679 640; x_wconf 83' lang='lat' dir='ltr'><strong>illustrandam</strong></span> 
     </span>
     <span class='ocr_line' id='line_1_6' title="bbox 247 692 1680 756; baseline -0.01 -9"><span class='ocrx_word' id='word_1_30' title='bbox 247 708 386 748; x_wconf 85' lang='lat' dir='ltr'><strong>facere</strong></span> <span class='ocrx_word' id='word_1_31' title='bbox 413 703 636 744; x_wconf 80' lang='lat' dir='ltr'><strong>videantur</strong></span> <span class='ocrx_word' id='word_1_32' title='bbox 666 697 822 756; x_wconf 90' lang='lat' dir='ltr'><strong>(neque</strong></span> <span class='ocrx_word' id='word_1_33' title='bbox 851 704 992 738; x_wconf 89' lang='lat' dir='ltr'><strong>tamen</strong></span> <span class='ocrx_word' id='word_1_34' title='bbox 1029 696 1158 737; x_wconf 88' lang='lat' dir='ltr'><strong>multa</strong></span> <span class='ocrx_word' id='word_1_35' title='bbox 1188 702 1257 735; x_wconf 89' lang='lat' dir='ltr'><strong>aut</strong></span> <span class='ocrx_word' id='word_1_36' title='bbox 1285 692 1428 749; x_wconf 76' lang='lat' dir='ltr'><strong>gravia</strong></span> <span class='ocrx_word' id='word_1_37' title='bbox 1458 708 1553 734; x_wconf 88' lang='lat' dir='ltr'><strong>csse</strong></span> <span class='ocrx_word' id='word_1_38' title='bbox 1581 707 1680 734; x_wconf 88' lang='lat' dir='ltr'><strong>con-</strong></span> 
     </span>
     <span class='ocr_line' id='line_1_7' title="bbox 246 780 1684 850; baseline -0.006 -13"><span class='ocrx_word' id='word_1_39' title='bbox 246 792 453 850; x_wconf 79' lang='lat' dir='ltr'><strong>fidimus),</strong></span> <span class='ocrx_word' id='word_1_40' title='bbox 484 794 645 849; x_wconf 83' lang='lat' dir='ltr'><strong>amplae</strong></span> <span class='ocrx_word' id='word_1_41' title='bbox 673 791 956 832; x_wconf 80' lang='lat' dir='ltr'><strong>bibliothecae</strong></span> <span class='ocrx_word' id='word_1_42' title='bbox 983 788 1185 830; x_wconf 88' lang='lat' dir='ltr'><strong>contiuuo</strong></span> <span class='ocrx_word' id='word_1_43' title='bbox 1213 780 1294 829; x_wconf 81' lang='lat' dir='ltr'><strong>usu</strong></span> <span class='ocrx_word' id='word_1_44' title='bbox 1326 786 1541 828; x_wconf 89' lang='lat' dir='ltr'><strong>destitutis</strong></span> <span class='ocrx_word' id='word_1_45' title='bbox 1570 786 1684 843; x_wconf 88' lang='lat' dir='ltr'><strong>apud</strong></span> 
     </span>
     <span class='ocr_line' id='line_1_8' title="bbox 249 877 1682 942; baseline -0.005 -15"><span class='ocrx_word' id='word_1_46' title='bbox 249 901 405 942; x_wconf 82' lang='lat' dir='ltr'><strong>aequos</strong></span> <span class='ocrx_word' id='word_1_47' title='bbox 430 883 598 940; x_wconf 90' lang='lat' dir='ltr'><strong>judices</strong></span> <span class='ocrx_word' id='word_1_48' title='bbox 628 880 791 939; x_wconf 83' lang='lat' dir='ltr'><strong>aliquid</strong></span> <span class='ocrx_word' id='word_1_49' title='bbox 820 878 1104 921; x_wconf 82' lang='lat' dir='ltr'><strong>excusationis</strong></span> <span class='ocrx_word' id='word_1_50' title='bbox 1135 878 1228 920; x_wconf 88' lang='lat' dir='ltr'><strong>erit.</strong></span> <span class='ocrx_word' id='word_1_51' title='bbox 1302 877 1682 920; x_wconf 87' lang='lat' dir='ltr'><strong>Grammaticorum</strong></span> 
     </span>
     <span class='ocr_line' id='line_1_9' title="bbox 248 970 1682 1035; baseline -0.004 -16"><span class='ocrx_word' id='word_1_52' title='bbox 248 977 442 1035; x_wconf 77' lang='lat' dir='ltr'><strong>graviora</strong></span> <span class='ocrx_word' id='word_1_53' title='bbox 480 973 724 1016; x_wconf 84' lang='lat' dir='ltr'><strong>testimonia</strong></span> <span class='ocrx_word' id='word_1_54' title='bbox 761 972 876 1030; x_wconf 89' lang='lat' dir='ltr'><strong>quod</strong></span> <span class='ocrx_word' id='word_1_55' title='bbox 920 971 966 1012; x_wconf 90' lang='lat' dir='ltr'><strong>in</strong></span> <span class='ocrx_word' id='word_1_56' title='bbox 1017 970 1359 1013; x_wconf 86' lang='lat' dir='ltr'><strong>annotationibus</strong></span> <span class='ocrx_word' id='word_1_57' title='bbox 1402 971 1682 1027; x_wconf 87' lang='lat' dir='ltr'><strong>subjecimus,</strong></span> 
     </span>
     <span class='ocr_line' id='line_1_10' title="bbox 249 1062 1683 1120; baseline -0.005 -10"><span class='ocrx_word' id='word_1_58' title='bbox 249 1067 474 1120; x_wconf 78' lang='lat' dir='ltr'><strong>omnibus,</strong></span> <span class='ocrx_word' id='word_1_59' title='bbox 514 1064 638 1106; x_wconf 86' lang='lat' dir='ltr'><strong>etiam</strong></span> <span class='ocrx_word' id='word_1_60' title='bbox 668 1062 743 1120; x_wconf 87' lang='lat' dir='ltr'><strong>qui</strong></span> <span class='ocrx_word' id='word_1_61' title='bbox 778 1062 952 1103; x_wconf 85' lang='lat' dir='ltr'><strong>illorum</strong></span> <span class='ocrx_word' id='word_1_62' title='bbox 982 1077 1109 1119; x_wconf 85' lang='lat' dir='ltr'><strong>opcra</strong></span> <span class='ocrx_word' id='word_1_63' title='bbox 1146 1068 1342 1114; x_wconf 81' lang='lat' dir='ltr'><strong>teneant,</strong></span> <span class='ocrx_word' id='word_1_64' title='bbox 1385 1069 1550 1116; x_wconf 77' lang='lat' dir='ltr'><strong>gratum</strong></span> <span class='ocrx_word' id='word_1_65' title='bbox 1590 1062 1683 1103; x_wconf 81' lang='lat' dir='ltr'><strong>fore</strong></span> 
     </span>
     <span class='ocr_line' id='line_1_11' title="bbox 249 1153 1683 1211; baseline -0.006 -9"><span class='ocrx_word' id='word_1_66' title='bbox 249 1161 555 1202; x_wconf 75' lang='lat' dir='ltr'><strong>existimamus.</strong></span> <span class='ocrx_word' id='word_1_67' title='bbox 638 1155 795 1198; x_wconf 85' lang='lat' dir='ltr'><strong>Contra</strong></span> <span class='ocrx_word' id='word_1_68' title='bbox 824 1171 878 1196; x_wconf 91' lang='lat' dir='ltr'><strong>ne</strong></span> <span class='ocrx_word' id='word_1_69' title='bbox 907 1153 1006 1195; x_wconf 85' lang='lat' dir='ltr'><strong>libri</strong></span> <span class='ocrx_word' id='word_1_70' title='bbox 1038 1153 1173 1194; x_wconf 88' lang='lat' dir='ltr'><strong>moles</strong></span> <span class='ocrx_word' id='word_1_71' title='bbox 1202 1169 1328 1209; x_wconf 89' lang='lat' dir='ltr'><strong>supra</strong></span> <span class='ocrx_word' id='word_1_72' title='bbox 1359 1153 1529 1194; x_wconf 89' lang='lat' dir='ltr'><strong>modum</strong></span> <span class='ocrx_word' id='word_1_73' title='bbox 1556 1169 1683 1211; x_wconf 76' lang='lat' dir='ltr'><strong>auge-</strong></span> 
     </span>
     <span class='ocr_line' id='line_1_12' title="bbox 249 1244 1685 1304; baseline -0.005 -11"><span class='ocrx_word' id='word_1_74' title='bbox 249 1258 382 1304; x_wconf 81' lang='lat' dir='ltr'><strong>retur,</strong></span> <span class='ocrx_word' id='word_1_75' title='bbox 412 1249 593 1291; x_wconf 79' lang='lat' dir='ltr'><strong>maxime</strong></span> <span class='ocrx_word' id='word_1_76' title='bbox 611 1246 809 1289; x_wconf 76' lang='lat' dir='ltr'><strong>brevitati</strong></span> <span class='ocrx_word' id='word_1_77' title='bbox 837 1245 1075 1287; x_wconf 86' lang='lat' dir='ltr'><strong>studuimus</strong></span> <span class='ocrx_word' id='word_1_78' title='bbox 1106 1244 1151 1285; x_wconf 90' lang='lat' dir='ltr'><strong>in</strong></span> <span class='ocrx_word' id='word_1_79' title='bbox 1179 1245 1546 1301; x_wconf 78' lang='lat' dir='ltr'><strong>grammaticorum</strong></span> <span class='ocrx_word' id='word_1_80' title='bbox 1568 1261 1685 1286; x_wconf 85' lang='lat' dir='ltr'><strong>erro-</strong></span> 
     </span>
     <span class='ocr_line' id='line_1_13' title="bbox 251 1336 1684 1395; baseline -0.003 -13"><span class='ocrx_word' id='word_1_81' title='bbox 251 1340 373 1383; x_wconf 86' lang='lat' dir='ltr'><strong>ribus</strong></span> <span class='ocrx_word' id='word_1_82' title='bbox 411 1339 674 1392; x_wconf 73' lang='lat' dir='ltr'><strong>refutandis,</strong></span> <span class='ocrx_word' id='word_1_83' title='bbox 724 1338 781 1380; x_wconf 90' lang='lat' dir='ltr'><strong>iis</strong></span> <span class='ocrx_word' id='word_1_84' title='bbox 827 1337 1126 1395; x_wconf 89' lang='lat' dir='ltr'><strong>potissimum,</strong></span> <span class='ocrx_word' id='word_1_85' title='bbox 1184 1336 1259 1395; x_wconf 89' lang='lat' dir='ltr'><strong>qui</strong></span> <span class='ocrx_word' id='word_1_86' title='bbox 1297 1337 1419 1394; x_wconf 87' lang='lat' dir='ltr'><strong>quasi</strong></span> <span class='ocrx_word' id='word_1_87' title='bbox 1471 1337 1684 1378; x_wconf 88' lang='lat' dir='ltr'><strong>solemnes</strong></span> 
     </span>
     <span class='ocr_line' id='line_1_14' title="bbox 253 1427 1684 1487; baseline -0.002 -14"><span class='ocrx_word' id='word_1_88' title='bbox 253 1430 501 1487; x_wconf 86' lang='lat' dir='ltr'><strong>saepissime</strong></span> <span class='ocrx_word' id='word_1_89' title='bbox 535 1429 728 1470; x_wconf 89' lang='lat' dir='ltr'><strong>redeunt.</strong></span> <span class='ocrx_word' id='word_1_90' title='bbox 815 1427 1101 1485; x_wconf 88' lang='lat' dir='ltr'><strong>Antiquorum</strong></span> <span class='ocrx_word' id='word_1_91' title='bbox 1144 1427 1258 1468; x_wconf 90' lang='lat' dir='ltr'><strong>enim</strong></span> <span class='ocrx_word' id='word_1_92' title='bbox 1289 1428 1341 1469; x_wconf 86' lang='lat' dir='ltr'><strong>de</strong></span> <span class='ocrx_word' id='word_1_93' title='bbox 1371 1428 1566 1470; x_wconf 86' lang='lat' dir='ltr'><strong>dialectis</strong></span> <span class='ocrx_word' id='word_1_94' title='bbox 1595 1429 1684 1486; x_wconf 91' lang='lat' dir='ltr'><strong>opi-</strong></span> 
     </span>
     <span class='ocr_line' id='line_1_15' title="bbox 250 1519 1684 1580; baseline -0.003 -14"><span class='ocrx_word' id='word_1_95' title='bbox 250 1525 403 1566; x_wconf 88' lang='lat' dir='ltr'><strong>niones</strong></span> <span class='ocrx_word' id='word_1_96' title='bbox 453 1521 681 1580; x_wconf 83' lang='lat' dir='ltr'><strong>aliquando</strong></span> <span class='ocrx_word' id='word_1_97' title='bbox 729 1519 936 1576; x_wconf 73' lang='lat' dir='ltr'><strong>singulari</strong></span> <span class='ocrx_word' id='word_1_98' title='bbox 978 1519 1328 1561; x_wconf 80' lang='lat' dir='ltr'><strong>commentatione</strong></span> <span class='ocrx_word' id='word_1_99' title='bbox 1382 1520 1594 1562; x_wconf 83' lang='lat' dir='ltr'><strong>illustrare</strong></span> <span class='ocrx_word' id='word_1_100' title='bbox 1639 1521 1684 1562; x_wconf 90' lang='lat' dir='ltr'><strong>in</strong></span> 
     </span>
     <span class='ocr_line' id='line_1_16' title="bbox 248 1609 1684 1666; baseline -0.004 -9"><span class='ocrx_word' id='word_1_101' title='bbox 248 1615 392 1657; x_wconf 85' lang='lat' dir='ltr'><strong>animo</strong></span> <span class='ocrx_word' id='word_1_102' title='bbox 421 1622 500 1656; x_wconf 87' lang='lat' dir='ltr'><strong>est.</strong></span> <span class='ocrx_word' id='word_1_103' title='bbox 588 1612 686 1654; x_wconf 83' lang='lat' dir='ltr'><strong>Non</strong></span> <span class='ocrx_word' id='word_1_104' title='bbox 723 1611 865 1654; x_wconf 87' lang='lat' dir='ltr'><strong>minus</strong></span> <span class='ocrx_word' id='word_1_105' title='bbox 895 1611 1061 1652; x_wconf 86' lang='lat' dir='ltr'><strong>chartae</strong></span> <span class='ocrx_word' id='word_1_106' title='bbox 1099 1610 1366 1666; x_wconf 87' lang='lat' dir='ltr'><strong>pepercimus</strong></span> <span class='ocrx_word' id='word_1_107' title='bbox 1403 1609 1449 1650; x_wconf 87' lang='lat' dir='ltr'><strong>in</strong></span> <span class='ocrx_word' id='word_1_108' title='bbox 1477 1611 1684 1651; x_wconf 87' lang='lat' dir='ltr'><strong>recentio-</strong></span> 
     </span>
     <span class='ocr_line' id='line_1_17' title="bbox 250 1699 1687 1762; baseline -0.003 -15"><span class='ocrx_word' id='word_1_109' title='bbox 250 1722 345 1748; x_wconf 90' lang='lat' dir='ltr'><strong>rum</strong></span> <span class='ocrx_word' id='word_1_110' title='bbox 375 1703 652 1762; x_wconf 89' lang='lat' dir='ltr'><strong>opinionibus</strong></span> <span class='ocrx_word' id='word_1_111' title='bbox 683 1700 1078 1744; x_wconf 88' lang='lat' dir='ltr'><strong>commemorandis.</strong></span> <span class='ocrx_word' id='word_1_112' title='bbox 1154 1699 1203 1741; x_wconf 91' lang='lat' dir='ltr'><strong>Si</strong></span> <span class='ocrx_word' id='word_1_113' title='bbox 1232 1716 1313 1756; x_wconf 85' lang='lat' dir='ltr'><strong>qua</strong></span> <span class='ocrx_word' id='word_1_114' title='bbox 1342 1708 1463 1742; x_wconf 87' lang='lat' dir='ltr'><strong>acute</strong></span> <span class='ocrx_word' id='word_1_115' title='bbox 1492 1707 1534 1741; x_wconf 93' lang='lat' dir='ltr'><strong>et</strong></span> <span class='ocrx_word' id='word_1_116' title='bbox 1561 1716 1687 1742; x_wconf 90' lang='lat' dir='ltr'><strong>accu-</strong></span> 
     </span>
     <span class='ocr_line' id='line_1_18' title="bbox 252 1792 1685 1855; baseline -0.003 -16"><span class='ocrx_word' id='word_1_117' title='bbox 252 1805 340 1840; x_wconf 88' lang='lat' dir='ltr'><strong>rate</strong></span> <span class='ocrx_word' id='word_1_118' title='bbox 363 1798 575 1855; x_wconf 87' lang='lat' dir='ltr'><strong>disputata</strong></span> <span class='ocrx_word' id='word_1_119' title='bbox 607 1803 707 1838; x_wconf 88' lang='lat' dir='ltr'><strong>sunt</strong></span> <span class='ocrx_word' id='word_1_120' title='bbox 736 1802 831 1836; x_wconf 88' lang='lat' dir='ltr'><strong>ante</strong></span> <span class='ocrx_word' id='word_1_121' title='bbox 860 1809 957 1847; x_wconf 90' lang='lat' dir='ltr'><strong>nos,</strong></span> <span class='ocrx_word' id='word_1_122' title='bbox 989 1809 1087 1834; x_wconf 86' lang='lat' dir='ltr'><strong>suas</strong></span> <span class='ocrx_word' id='word_1_123' title='bbox 1107 1792 1260 1848; x_wconf 88' lang='lat' dir='ltr'><strong>cuique</strong></span> <span class='ocrx_word' id='word_1_124' title='bbox 1288 1792 1436 1834; x_wconf 86' lang='lat' dir='ltr'><strong>laudes</strong></span> <span class='ocrx_word' id='word_1_125' title='bbox 1455 1792 1685 1835; x_wconf 84' lang='lat' dir='ltr'><strong>detrectare</strong></span> 
     </span>
     <span class='ocr_line' id='line_1_19' title="bbox 250 1884 1686 1941; baseline -0.003 -11"><span class='ocrx_word' id='word_1_126' title='bbox 250 1888 482 1930; x_wconf 88' lang='lat' dir='ltr'><strong>noluimus.</strong></span> <span class='ocrx_word' id='word_1_127' title='bbox 542 1888 652 1930; x_wconf 84' lang='lat' dir='ltr'><strong>Prae</strong></span> <span class='ocrx_word' id='word_1_128' title='bbox 681 1887 777 1929; x_wconf 90' lang='lat' dir='ltr'><strong>aliis</strong></span> <span class='ocrx_word' id='word_1_129' title='bbox 804 1886 1011 1928; x_wconf 91' lang='lat' dir='ltr'><strong>nonnulla</strong></span> <span class='ocrx_word' id='word_1_130' title='bbox 1033 1885 1233 1927; x_wconf 76' lang='lat' dir='ltr'><strong>debemus</strong></span> <span class='ocrx_word' id='word_1_131' title='bbox 1264 1884 1483 1938; x_wconf 80' lang='lat' dir='ltr'><strong>Gicsio,</strong></span> <span class='ocrx_word' id='word_1_132' title='bbox 1515 1884 1587 1941; x_wconf 87' lang='lat' dir='ltr'><strong>qui</strong></span> <span class='ocrx_word' id='word_1_133' title='bbox 1617 1884 1686 1926; x_wconf 89' lang='lat' dir='ltr'><strong>in-</strong></span> 
     </span>
     <span class='ocr_line' id='line_1_20' title="bbox 251 1976 1685 2039; baseline -0.003 -16"><span class='ocrx_word' id='word_1_134' title='bbox 251 1982 368 2039; x_wconf 75' lang='lat' dir='ltr'><strong>signi</strong></span> <span class='ocrx_word' id='word_1_135' title='bbox 399 1981 588 2023; x_wconf 89' lang='lat' dir='ltr'><strong>doctrina</strong></span> <span class='ocrx_word' id='word_1_136' title='bbox 617 1981 850 2022; x_wconf 74' lang='lat' dir='ltr'><strong>instructus</strong></span> <span class='ocrx_word' id='word_1_137' title='bbox 881 1979 926 2020; x_wconf 91' lang='lat' dir='ltr'><strong>in</strong></span> <span class='ocrx_word' id='word_1_138' title='bbox 958 1978 1181 2020; x_wconf 89' lang='lat' dir='ltr'><strong>Aeolicam</strong></span> <span class='ocrx_word' id='word_1_139' title='bbox 1212 1976 1437 2019; x_wconf 72' lang='lat' dir='ltr'><strong>dialectum</strong></span> <span class='ocrx_word' id='word_1_140' title='bbox 1467 1976 1685 2034; x_wconf 81' lang='lat' dir='ltr'><strong>inquirere</strong></span> 
     </span>
     <span class='ocr_line' id='line_1_21' title="bbox 250 2067 1682 2129; baseline -0.004 -14"><span class='ocrx_word' id='word_1_141' title='bbox 250 2074 462 2127; x_wconf 86' lang='lat' dir='ltr'><strong>instituit,</strong></span> <span class='ocrx_word' id='word_1_142' title='bbox 495 2073 595 2126; x_wconf 91' lang='lat' dir='ltr'><strong>sed,</strong></span> <span class='ocrx_word' id='word_1_143' title='bbox 632 2072 762 2129; x_wconf 78' lang='lat' dir='ltr'><strong>longe</strong></span> <span class='ocrx_word' id='word_1_144' title='bbox 792 2070 1003 2112; x_wconf 78' lang='lat' dir='ltr'><strong>diversam</strong></span> <span class='ocrx_word' id='word_1_145' title='bbox 1032 2086 1055 2110; x_wconf 82' lang='lat' dir='ltr'><strong>a</strong></span> <span class='ocrx_word' id='word_1_146' title='bbox 1085 2075 1229 2109; x_wconf 86' lang='lat' dir='ltr'><strong>nostra</strong></span> <span class='ocrx_word' id='word_1_147' title='bbox 1257 2067 1463 2108; x_wconf 87' lang='lat' dir='ltr'><strong>rationem</strong></span> <span class='ocrx_word' id='word_1_148' title='bbox 1495 2074 1682 2117; x_wconf 88' lang='lat' dir='ltr'><strong>secutus,</strong></span> 
     </span>
     <span class='ocr_line' id='line_1_22' title="bbox 251 2151 1685 2220; baseline -0.004 -15"><span class='ocrx_word' id='word_1_149' title='bbox 251 2171 414 2205; x_wconf 83' lang='lat' dir='ltr'><strong>tantum</strong></span> <span class='ocrx_word' id='word_1_150' title='bbox 451 2163 496 2203; x_wconf 93' lang='lat' dir='ltr'><strong>in</strong></span> <span class='ocrx_word' id='word_1_151' title='bbox 535 2162 651 2204; x_wconf 89' lang='lat' dir='ltr'><strong>aditu</strong></span> <span class='ocrx_word' id='word_1_152' title='bbox 687 2161 829 2220; x_wconf 88' lang='lat' dir='ltr'><strong>operis</strong></span> <span class='ocrx_word' id='word_1_153' title='bbox 859 2168 1046 2202; x_wconf 85' lang='lat' dir='ltr'><strong>moratus</strong></span> <span class='ocrx_word' id='word_1_154' title='bbox 1088 2166 1177 2212; x_wconf 85' lang='lat' dir='ltr'><strong>cst,</strong></span> <span class='ocrx_word' id='word_1_155' title='bbox 1218 2166 1264 2199; x_wconf 89' lang='lat' dir='ltr'><strong>ut</strong></span> <span class='ocrx_word' id='word_1_156' title='bbox 1300 2151 1521 2200; x_wconf 79' lang='lat' dir='ltr'><strong>immatura</strong></span> <span class='ocrx_word' id='word_1_157' title='bbox 1550 2165 1685 2200; x_wconf 88' lang='lat' dir='ltr'><strong>morte</strong></span> 
     </span>
     <span class='ocr_line' id='line_1_23' title="bbox 251 2248 1685 2313; baseline -0.004 -16"><span class='ocrx_word' id='word_1_158' title='bbox 251 2261 501 2313; x_wconf 87' lang='lat' dir='ltr'><strong>praereptus</strong></span> <span class='ocrx_word' id='word_1_159' title='bbox 531 2254 604 2294; x_wconf 62' lang='lat' dir='ltr'><strong>vix</strong></span> <span class='ocrx_word' id='word_1_160' title='bbox 640 2253 771 2295; x_wconf 89' lang='lat' dir='ltr'><strong>limen</strong></span> <span class='ocrx_word' id='word_1_161' title='bbox 803 2250 1087 2309; x_wconf 67' lang='lat' dir='ltr'><strong>superaverit,</strong></span> <span class='ocrx_word' id='word_1_162' title='bbox 1127 2250 1247 2308; x_wconf 87' lang='lat' dir='ltr'><strong>plura</strong></span> <span class='ocrx_word' id='word_1_163' title='bbox 1279 2248 1330 2291; x_wconf 89' lang='lat' dir='ltr'><strong>dc</strong></span> <span class='ocrx_word' id='word_1_164' title='bbox 1360 2249 1569 2292; x_wconf 83' lang='lat' dir='ltr'><strong>Lesbiaca</strong></span> <span class='ocrx_word' id='word_1_165' title='bbox 1599 2250 1685 2292; x_wconf 82' lang='lat' dir='ltr'><strong>‹lia-</strong></span> 
     </span>
     <span class='ocr_line' id='line_1_24' title="bbox 251 2339 1684 2397; baseline -0.003 -10"><span class='ocrx_word' id='word_1_166' title='bbox 251 2345 361 2387; x_wconf 90' lang='lat' dir='ltr'><strong>lccto</strong></span> <span class='ocrx_word' id='word_1_167' title='bbox 390 2344 583 2397; x_wconf 66' lang='lat' dir='ltr'><strong>Nevio,</strong></span> <span class='ocrx_word' id='word_1_168' title='bbox 614 2342 922 2392; x_wconf 76' lang='lat' dir='ltr'><strong>Welekcro,</strong></span> <span class='ocrx_word' id='word_1_169' title='bbox 955 2340 1224 2394; x_wconf 84' lang='lat' dir='ltr'><strong>Seidlero,</strong></span> <span class='ocrx_word' id='word_1_170' title='bbox 1255 2340 1435 2397; x_wconf 88' lang='lat' dir='ltr'><strong>plurima</strong></span> <span class='ocrx_word' id='word_1_171' title='bbox 1468 2339 1519 2383; x_wconf 85' lang='lat' dir='ltr'><strong>de</strong></span> <span class='ocrx_word' id='word_1_172' title='bbox 1551 2341 1684 2383; x_wconf 87' lang='lat' dir='ltr'><strong>Boco-</strong></span> 
     </span>
     <span class='ocr_line' id='line_1_25' title="bbox 252 2431 1686 2489; baseline -0.004 -12"><span class='ocrx_word' id='word_1_173' title='bbox 252 2435 334 2478; x_wconf 87' lang='lat' dir='ltr'><strong>tica</strong></span> <span class='ocrx_word' id='word_1_174' title='bbox 376 2435 523 2477; x_wconf 88' lang='lat' dir='ltr'><strong>Tibi.</strong></span> <span class='ocrx_word' id='word_1_175' title='bbox 612 2433 792 2475; x_wconf 86' lang='lat' dir='ltr'><strong>Errorcs</strong></span> <span class='ocrx_word' id='word_1_176' title='bbox 836 2440 999 2486; x_wconf 85' lang='lat' dir='ltr'><strong>autem,</strong></span> <span class='ocrx_word' id='word_1_177' title='bbox 1043 2432 1166 2473; x_wconf 90' lang='lat' dir='ltr'><strong>ctiam</strong></span> <span class='ocrx_word' id='word_1_178' title='bbox 1203 2446 1373 2485; x_wconf 82' lang='lat' dir='ltr'><strong>corum,</strong></span> <span class='ocrx_word' id='word_1_179' title='bbox 1420 2431 1491 2489; x_wconf 89' lang='lat' dir='ltr'><strong>qui</strong></span> <span class='ocrx_word' id='word_1_180' title='bbox 1535 2431 1686 2473; x_wconf 85' lang='lat' dir='ltr'><strong>merito</strong></span> 
     </span>
     <span class='ocr_line' id='line_1_26' title="bbox 257 2523 1685 2571; baseline -0.003 -3"><span class='ocrx_word' id='word_1_181' title='bbox 257 2545 418 2569; x_wconf 86' lang='lat' dir='ltr'><strong>summa</strong></span> <span class='ocrx_word' id='word_1_182' title='bbox 448 2527 663 2571; x_wconf 84' lang='lat' dir='ltr'><strong>doctrinae</strong></span> <span class='ocrx_word' id='word_1_183' title='bbox 693 2525 818 2567; x_wconf 82' lang='lat' dir='ltr'><strong>laude</strong></span> <span class='ocrx_word' id='word_1_184' title='bbox 851 2525 1025 2571; x_wconf 76' lang='lat' dir='ltr'><strong>ssorcnt,</strong></span> <span class='ocrx_word' id='word_1_185' title='bbox 1071 2540 1193 2571; x_wconf 76' lang='lat' dir='ltr'><strong>raro,</strong></span> <span class='ocrx_word' id='word_1_186' title='bbox 1233 2523 1344 2565; x_wconf 84' lang='lat' dir='ltr'><strong>un&#39;dc</strong></span> <span class='ocrx_word' id='word_1_187' title='bbox 1389 2524 1528 2565; x_wconf 87' lang='lat' dir='ltr'><strong>solent</strong></span> <span class='ocrx_word' id='word_1_188' title='bbox 1563 2523 1685 2564; x_wconf 82' lang='lat' dir='ltr'><strong>multi</strong></span> 
     </span>
     <span class='ocr_line' id='line_1_27' title="bbox 257 2614 1684 2676; baseline -0.004 -15"><span class='ocrx_word' id='word_1_189' title='bbox 257 2619 340 2661; x_wconf 87' lang='lat' dir='ltr'><strong>sibi</strong></span> <span class='ocrx_word' id='word_1_190' title='bbox 392 2619 558 2661; x_wconf 87' lang='lat' dir='ltr'><strong>laudem</strong></span> <span class='ocrx_word' id='word_1_191' title='bbox 609 2631 834 2676; x_wconf 77' lang='lat' dir='ltr'><strong>quaerere,</strong></span> <span class='ocrx_word' id='word_1_192' title='bbox 891 2616 1043 2671; x_wconf 74' lang='lat' dir='ltr'><strong>amplis</strong></span> <span class='ocrx_word' id='word_1_193' title='bbox 1087 2614 1445 2670; x_wconf 73' lang='lat' dir='ltr'><strong>disputationibus</strong></span> <span class='ocrx_word' id='word_1_194' title='bbox 1487 2614 1684 2671; x_wconf 68' lang='lat' dir='ltr'><strong>detegere</strong></span> 
     </span>
    </p>
   </div>
   <div class='ocr_carea' id='block_1_3' title="bbox 257 2704 1682 2768">
    <p class='ocr_par' dir='ltr' id='par_1_3' title="bbox 257 2704 1682 2768">
     <span class='ocr_line' id='line_1_28' title="bbox 257 2704 1682 2768; baseline -0.004 -16"><span class='ocrx_word' id='word_1_195' title='bbox 257 2711 438 2768; x_wconf 81' lang='lat' dir='ltr'><strong>placuit,</strong></span> <span class='ocrx_word' id='word_1_196' title='bbox 488 2710 561 2752; x_wconf 86' lang='lat' dir='ltr'><strong>scd</strong></span> <span class='ocrx_word' id='word_1_197' title='bbox 593 2709 694 2752; x_wconf 85' lang='lat' dir='ltr'><strong>satis</strong></span> <span class='ocrx_word' id='word_1_198' title='bbox 722 2706 947 2749; x_wconf 79' lang='lat' dir='ltr'><strong>babuimus</strong></span> <span class='ocrx_word' id='word_1_199' title='bbox 987 2704 1145 2746; x_wconf 74' lang='lat' dir='ltr'><strong>nostris</strong></span> <span class='ocrx_word' id='word_1_200' title='bbox 1175 2704 1410 2747; x_wconf 83' lang='lat' dir='ltr'><strong>rationibus</strong></span> <span class='ocrx_word' id='word_1_201' title='bbox 1452 2704 1682 2762; x_wconf 86' lang='lat' dir='ltr'><strong>probandis</strong></span> 
     </span>
    </p>
   </div>
  </div>
 </body>
</html>
