1779 3079
483 241 560 288 Ad
595 241 806 289 Librum
841 241 1077 303 Primum.
1394 240 1492 290 517

54 376 268 418 contrario
301 377 522 430 Προβατία
562 377 755 434 ipsorum
786 377 1043 419 Boeotorum
1075 378 1357 436 antiquiorem
1394 394 1490 436 pro-

48 443 366 486 nuntiationem
396 460 494 487 csse
524 444 830 486 existimamus.

165 512 290 567 Pag.
323 512 403 553 174
443 513 473 554 l.
501 512 570 554 25.
633 510 764 552 Ceus.
797 511 986 552 Damnst.
1020 512 1173 565 βλεέρει
1210 512 1323 570 apud
1354 513 1491 570 Hesy-

53 578 198 621 chium
228 579 297 621 vel
335 587 604 637 repugnante
641 579 859 620 literarum
887 578 1036 619 ordine
1066 578 1110 619 in
1148 579 1329 635 μελεήρει
1359 588 1492 622 muta-

52 645 90 686 ri
115 645 267 701 jubet,
317 662 559 704 quanquam
593 646 701 692 ἔλεος
731 660 826 686 cum
856 645 1059 686 derivatis
1091 647 1258 688 nullum
1289 647 1492 704 digammi

51 713 282 771 vestigium
311 715 438 755 habet
468 729 606 770 neque
636 729 823 770 unquam
854 712 898 753 in
919 712 1123 755 Boeotica
1144 713 1325 757 dialecto
1358 722 1385 768 ρ’
1417 731 1493 772 pro

53 780 263 837 digamma
296 782 502 838 scriptum
532 780 758 837 reperitur.

164 848 292 905 Pag.
328 850 406 891 175
448 865 523 889 nr.
553 849 592 890 1.
655 847 764 895 Δεύς
792 848 984 888 Acharn.
1016 847 1095 890 871
1128 863 1244 889 nuuc
1274 862 1296 888 e
1326 847 1493 890 Raven-

51 922 148 956 nate
178 931 202 956 a
231 915 458 957 Dindorfio
490 924 707 973 receptum
738 923 833 969 est,
893 914 1127 963 Λεύξιππος
1155 931 1232 972 pro
1267 915 1495 964 Ζεύξιππος

51 982 213 1039 legitur
242 982 287 1023 in
318 983 443 1025 titulo
475 983 764 1025 Orchomenia
796 982 934 1024 Curtii
965 998 1031 1023 nr.
1055 983 1096 1025 8.

162 1050 287 1108 Pag.
323 1050 402 1092 176
442 1051 472 1091 l.
504 1051 544 1093 6.
619 1050 919 1108 Suspicionem
957 1057 1146 1091 nostram
1186 1050 1238 1091 de
1275 1050 1379 1091 mira
1422 1049 1495 1092 illa

51 1133 156 1175 voce
188 1115 399 1170 ὀπίττομαι
428 1118 497 1160 vel
527 1120 758 1170 ὁπλίττομαι
787 1134 872 1159 uon
902 1117 1100 1175 probabit
1129 1116 1257 1158 Ceus.
1286 1117 1493 1166 Darmst.,

50 1199 191 1243 neque
221 1184 307 1242 ipsi
337 1185 462 1227 enixe
493 1185 794 1239 defendimus,
839 1185 914 1227 sed
944 1184 1276 1242 probabiliorem
1309 1185 1495 1242 explica-

51 1251 213 1293 tionem
244 1252 432 1294 libenter
460 1253 735 1310 accipiemus.

164 1320 291 1376 Pag.
327 1320 407 1362 178
446 1321 476 1362 l.
511 1321 588 1363 15.
658 1323 765 1363 Item
795 1321 948 1363 Boeoti
991 1321 1160 1373 στρυτύς
1199 1336 1294 1362 eum
1323 1320 1497 1361 Lesbiis

54 1386 228 1438 dixere,
286 1387 323 1428 si
361 1387 526 1445 aliquid
564 1387 665 1429 fidei
704 1389 946 1430 babendum
986 1397 1051 1430 cst
1079 1388 1175 1430 voci
1214 1387 1497 1429 dubitationis

52 1455 207 1512 plenae
241 1454 285 1495 in
315 1455 455 1496 titulis
488 1455 790 1497 Orchomeniis
822 1456 974 1497 Leakii
1006 1473 1070 1497 nr.
1099 1457 1152 1498 37
1180 1456 1212 1497 l.
1234 1455 1287 1497 27
1318 1462 1360 1496 et
1391 1455 1496 1496 Cur-

53 1522 104 1563 tii
133 1538 200 1563 nr·
219 1522 246 1565 8
275 1522 306 1564 l.
326 1523 367 1564 6.
429 1522 574 1576 Quum
606 1523 720 1564 enim
751 1523 795 1564 in
827 1524 903 1566 illo
933 1524 1091 1565 lectum
1125 1524 1181 1565 sit
1211 1541 1286 1563 w.
1321 1555 1330 1563 .
1356 1540 1497 1576 ρατον-

56 1605 355 1643 εστροῖευαον,
416 1589 595 1631 Curtius
634 1591 742 1648 legit
787 1591 856 1633 τὸν
894 1595 1047 1645 πρᾶτον
1087 1590 1496 1644 ἕστροτευάθη[σαιι],

53 1657 204 1698 ultima
235 1657 443 1714 supplens
463 1688 476 1710 ,
526 1674 657 1715 quum
699 1658 743 1699 in
783 1659 863 1700 hoc
894 1659 1020 1701 titulo
1051 1659 1203 1701 lacuna
1234 1658 1279 1698 in
1309 1664 1498 1698 extremo

53 1740 182 1767 versu
214 1733 310 1766 ante
342 1733 589 1782 sequentem
622 1726 863 1782 catalogum
904 1727 1009 1768 ferri
1045 1726 1208 1783 possit,
1267 1725 1312 1765 in
1343 1723 1498 1766 Leahii

54 1800 193 1834 autem
234 1793 362 1835 titulo
402 1810 456 1834 ue
496 1793 624 1834 unius
663 1794 837 1851 quidem
876 1794 1027 1835 literae
1066 1795 1219 1834 lacuna
1259 1792 1500 1850 significata

54 1860 125 1902 sit.
212 1860 457 1901 Dummodo
498 1861 631 1917 igitur
661 1861 836 1902 verbum
871 1860 1099 1915 στροτευάω
1130 1860 1302 1902 tolerari
1340 1859 1496 1916 possit,

53 1927 246 1969 Leakius
275 1928 437 1970 rectius
469 1929 631 1985 legisse
661 1928 844 1969 videtur.
932 1928 1104 1969 Deinde
1136 1927 1315 1968 Curtius
1345 1927 1398 1967 ad
1429 1926 1498 1967 τὸν

53 1997 209 2050 πρᾶτον
239 1995 431 2052 suppleri
455 1995 582 2050 jubet
613 1995 785 2049 στρατόν
816 1996 885 2036 vel
918 1994 1073 2036 στόλου.
1165 1994 1293 2047 Quod
1324 1994 1398 2035 vix
1433 2010 1498 2035 re-

55 2069 121 2103 cte
149 2063 305 2103 factum
339 2070 430 2117 est,
473 2063 547 2103 scd
578 2063 622 2103 in
646 2063 864 2104 Leakiano
895 2062 1022 2104 titulo
1052 2061 1281 2118 legendum
1314 2077 1410 2103 csse
1439 2061 1498 2102 vi-

56 2130 180 2171 detur
208 2128 299 2169 τύδε
328 2130 419 2179 (aut
447 2129 511 2182 τὸ)
543 2134 696 2182 πρᾶτον
727 2129 1006 2184 ἑστροτεύαον,
1042 2129 1086 2170 in
1103 2129 1310 2170 Curtiano
1330 2130 1495 2169 τοὶπ.ἑ.

56 2195 278 2254 Simplicis
321 2197 490 2238 articuli
529 2214 671 2255 parem
702 2214 828 2240 usum
859 2198 1138 2239 observamus
1181 2196 1226 2237 in
1255 2196 1383 2237 titulo
1415 2195 1496 2236 Co-

55 2263 181 2323 pensi
212 2263 308 2304 Ulr.
353 2280 394 2320 p.
426 2264 507 2306 203
547 2267 610 2306 τοὶ
650 2264 937 2319 ἀπεγράψαντο
968 2267 1015 2317 ἐμ
1046 2263 1317 2315 πελτοφόρας.
1391 2263 1498 2303 Item

54 2333 101 2373 in
121 2331 206 2373 alio
221 2331 410 2388 Copensi
446 2347 509 2371 nr.
530 2332 664 2384 1574,
694 2333 768 2373 ubi
798 2333 1090 2390 apographum
1118 2347 1209 2371 τον.
1227 2346 1316 2383 γεγ.
1337 2343 1495 2383 autaut.

57 2407 167 2453 ete.,
209 2415 316 2456 quae
346 2398 589 2439 Bocckhius
618 2399 663 2440 in
693 2401 816 2451 το[ι’δε
848 2398 1150 2451 ἀ]πεγράψαντο
1183 2405 1263 2438 etc.
1303 2397 1495 2451 mutavit,

55 2467 200 2524 potius
243 2467 322 2518 το[ι“
362 2465 669 2519 ἇ]πεγράψαντο
701 2468 740 2507 ἐν
772 2468 934 2513 ὁπλίτας
964 2464 1276 2507 restituendum
1308 2480 1402 2505 esse
1434 2465 1496 2505 vi—

57 2535 196 2576 detur.
279 2533 439 2574 Contra
480 2532 568 2573 τύδε
600 2535 793 2574 ἕνίκωσαν
830 2533 879 2574 τὰ
912 2534 1160 2584 Χαριτείσια
1189 2539 1254 2572 est
1283 2532 1327 2572 in
1361 2531 1492 2572 Orch.

58 2600 182 2644 1585.
262 2600 396 2642 Aliud
427 2600 657 2643 Boeoticae
688 2602 848 2643 formae
881 2599 1048 2654 στρατός
1077 2599 1377 2640 documentum
1408 2599 1496 2640 sor—

56 2676 171 2710 tasse
198 2669 302 2710 latet
329 2684 394 2708 nr.
416 2667 523 2710 1578
554 2668 705 2717 (Leak.
739 2669 806 2718 II,
838 2669 938 2719 45),
981 2667 1055 2708 ubi
1082 2666 1287 2707 Pocockii
1319 2682 1495 2723 apogra-

58 2737 217 2793 phum,
279 2751 365 2793 quo
395 2735 639 2777 Boeekhius
679 2751 782 2778 usus
821 2743 911 2788 est,
971 2740 1285 2786 Mvaompozzoc
1322 2734 1495 2790 praebet

61 2803 115 2852 (B
147 2802 392 2861 suspicatur
420 2802 780 2858 ΠΙνασιβρότιος),·
813 2801 966 2844 Leakii
996 2801 1354 2857 Α,ἾῙικοισιστράτιος,
1388 2809 1428 2843 et
1449 2801 1495 2842 in
