1779 3079
263 202 362 251 532
666 200 892 249 Addenda
929 211 973 248 et
1011 201 1321 266 Corrigenda.

266 340 459 383 detritae.
537 341 587 382 L.
612 340 649 381 1.
691 343 1185 381 OYNEIOEANTIO.
1261 337 1318 379 L.
1339 338 1379 379 2.
1414 339 1718 379 NEIEHYP-

266 413 458 450 PINAI.
550 409 603 449 L.
626 408 666 449 3.
701 411 937 449 MAKOE.
1026 408 1079 449 L.
1111 408 1139 449 9
1169 406 1269 448 fort.
1309 404 1586 454 Θεοςδότειος.
1660 404 1716 447 L.

267 478 335 519 10.
366 478 416 518 11
449 477 549 519 fort.
581 475 925 530 Ἐργοφιλίνειος.
1015 475 1069 516 L.
1099 475 1164 517 12.
1194 474 1259 516 13.
1295 472 1626 515 Cleomachidas
1657 478 1723 514 cst

265 560 423 587 nomen
455 544 761 586 Thessalicum
792 545 877 586 vid.
912 544 1018 601 Pap.
1052 543 1161 584 Lex.
1267 541 1320 583 L.
1355 543 1410 583 14
1447 542 1547 583 fort.
1588 546 1721 594 Κρευ-

264 614 394 666 γαῖος.
470 612 524 654 L.
549 610 616 654 16.
653 615 1074 654 ΠΡΑΚΛΕΙΛΛΣ.
1151 610 1204 651 L.
1230 610 1286 652 “20
1315 610 1415 651 fort.
1447 607 1723 663 Ἐρατοκλίας

264 681 295 722 i.
328 696 369 722 c.
401 680 683 736 Ἔρατοκλέας
713 680 801 722 vid.
835 678 1038 721 Addend.
1071 678 1123 720 ad
1154 678 1207 718 L.
1236 678 1278 718 II
1309 694 1353 736 p.
1381 676 1475 721 146.

375 814 420 863 2)
473 814 716 856 Accentum
748 813 793 854 in
822 813 963 854 titulis
993 812 1288 868 exprimendis
1320 811 1373 853 ad
1402 813 1624 870 vulgarem
1653 825 1722 852 ra-

263 881 424 924 tionem
470 881 869 933 conformavimus‚
930 895 1179 938 quanquam
1226 896 1276 922 eo
1320 879 1616 932 inclinamus,
1673 884 1721 920 ut

263 950 500 992 Thessalos
544 947 781 990 Lesbiacae
821 948 988 989 tonosis
1036 947 1271 1006 participes
1319 948 1460 989 fnisse
1505 946 1719 989 existime-

263 1033 374 1060 mus.
409 1041 462 1047 —-
524 1015 693 1073 Spiritu
725 1030 879 1073 aspero
911 1015 1151 1058 Thessalos
1190 1032 1278 1058 non
1318 1015 1509 1057 caruisse
1547 1021 1723 1073 apparet

265 1102 288 1128 c
317 1084 506 1131 πόθοδος
536 1100 602 1124 nr.
639 1085 659 1125 1
694 1090 803 1125 extr.
864 1084 982 1141 Ipsis
1012 1092 1154 1126 tamen
1186 1083 1364 1126 Lesbiis
1396 1083 1441 1124 iu
1474 1082 1570 1131 ὁδός
1599 1097 1721 1140 aspc-

262 1169 357 1194 rum
394 1151 709 1193 concessimus.
743 1177 794 1182 —-
854 1151 1078 1210 Digammi
1119 1168 1174 1193 ne
1213 1152 1354 1193 ullum
1385 1151 1559 1210 quidem
1590 1149 1721 1193 vesti-

264 1220 384 1278 gium
412 1219 629 1278 reperitur
647 1251 659 1273 9
702 1225 748 1261 ut
779 1221 959 1272 ἰσοτιμία
987 1237 1056 1262 nr.
1080 1222 1135 1273 2,
1169 1219 1422 1274 ’.ιὶστόμαχος
1451 1235 1517 1260 nr.
1536 1220 1578 1260 2.
1602 1219 1646 1262 8.

374 1287 419 1340 3)
478 1287 546 1329 De
594 1288 763 1340 Κιέριον
808 1288 900 1330 sive
946 1290 1123 1345 Πιέρων
1168 1289 1225 1329 cf.
1260 1288 1397 1329 Leak.
1437 1287 1503 1328 lV
1542 1304 1584 1345 p.
1617 1287 1718 1341 563,

258 1355 338 1414 qui
385 1357 551 1398 eonsert
589 1356 807 1414 duplicem
850 1357 1039 1399 nominis
1086 1357 1265 1398 formam
1309 1356 1453 1397 Πύδνα
1499 1363 1541 1396 et
1577 1355 1720 1397 Κύδνα

262 1423 377 1481 apud
419 1423 569 1481 Steph.
614 1423 723 1482 Byz.
774 1441 808 1466 s.
842 1441 883 1466 v.
916 1425 1074 1467 Κύδνα.
1121 1448 1176 1453 -—
1261 1424 1335 1464 Ad
1380 1424 1532 1465 miram
1569 1439 1719 1466 vocem

263 1492 414 1547 δαύχνα
452 1493 510 1544 (Ἰ)
553 1508 632 1549 pro
675 1491 808 1546 δάφνη
851 1494 1002 1535 confer
1041 1492 1207 1535 Seholl.
1254 1492 1440 1533 Nieand.
1483 1492 1618 1534 Ther.
1662 1493 1719 1535 94

261 1560 489 1613 Ἀντίγονος
531 1561 573 1600 δὲ
613 1560 713 1614 λέγει
755 1560 1019 1615 δαύχμου·
1083 1561 1168 1602 ἔστι,
1200 1562 1241 1601 δὲ
1281 1559 1415 1613 δάφνη
1456 1560 1615 1615 πικρά,
1677 1567 1720 1601 ct

263 1628 456 1685 Hesych.
494 1628 756 1683 δαυχμὸν,
798 1628 1021 1682 ἔγκαυστον
1052 1628 1170 1678 ξύλον
1200 1628 1362 1681 δάφνης
1397 1629 1615 1687 (suspicor
1645 1628 1717 1670 δά-

262 1699 410 1749 φνην),
454 1703 673 1754 postremo
702 1696 889 1739 Nicand.
919 1696 1049 1739 Alex.
1086 1698 1180 1740 198.

377 1764 568 1806 Πολλάκι
598 1763 644 1805 δ’
675 1766 702 1814 ἢ
732 1766 842 1814 οἴμης
874 1765 999 1819 ἀμιγῆ
1026 1764 1151 1806 πόσιν
1179 1765 1207 1815 ἢ
1239 1764 1318 1807 ἀπὸ
1352 1765 1510 1818 δάφνης

379 1834 581 1885 Τεμπίδος
614 1833 639 1882 ἢ
670 1834 865 1887 δαυχμοῖο
898 1834 1044 1886 φέροις
1075 1835 1117 1874 ἐκ
1148 1833 1298 1873 καυλέα
1327 1833 1482 1887 κόψας,

374 1901 402 1949 ἢ
430 1899 572 1952 πρώτη
612 1902 788 1953 Φοίβοιο
821 1902 1041 1954 uado-zeon&
1070 1903 1258 1954 Δελφίδα
1287 1903 1444 1956 χαίτην.

261 1966 551 2008 Restituimus
597 1969 792 2022 δαυχμοῗο
839 1985 862 2010 e
906 1969 1033 2010 libris
1081 1985 1157 2026 pro
1202 1968 1399 2018 δαὺκοιο,
1457 1978 1499 2010 et
1542 1978 1717 2028 apparet

270 2036 469 2088 Ἰἐμπίδος
501 2050 597 2075 cum
629 2036 823 2089 δαυχμοῒο
849 2036 1123 2091 jungendum
1156 2051 1251 2077 esse
1283 2044 1412 2093 atque
1442 2036 1513 2086 τήν
1539 2037 1716 2093 δαυχμόν

262 2101 306 2144 id
347 2102 488 2160 ipsum
528 2102 640 2144 lauri
681 2118 820 2159 genus
860 2103 1120 2159 appellatum
1151 2103 1318 2157 fuisse,
1363 2104 1479 2161 quod
1512 2105 1715 2163 Apollini

271 2172 468 2224 Τεμπείτᾳ
500 2178 542 2212 et
571 2170 729 2227 Pythio
760 2186 928 2211 sacrum
962 2179 1065 2211 erat.
1156 2171 1306 2228 ltaque
1338 2172 1531 2228 suspicio
1560 2175 1712 2229 oritur,

260 2254 316 2279 ne
349 2237 809 2293 ἀρχιδαυχμαᾳορείσας
839 2237 1144 2293 corrigendum
1177 2239 1262 2294 sit3
1317 2239 1473 2281 deinde
1503 2241 1606 2283 satis
1638 2242 1714 2283 du-

260 2307 380 2348 bium
412 2322 506 2348 esse
534 2305 732 2359 videtur,
765 2314 907 2347 utrum
941 2306 1118 2360 δαινχμὸς
1147 2306 1375 2362 (δαύχναῖ)
1408 2309 1500 2350 sola
1531 2309 1715 2352 dialecto

260 2391 283 2416 a
324 2373 458 2426 δάηιιη
500 2374 717 2415 diversum
764 2374 819 2414 sit
864 2390 916 2415 an
957 2389 1058 2415 casu
1103 2375 1247 2432 aliqua
1286 2376 1384 2417 soni
1431 2376 1715 2420 similitudine

260 2449 418 2484 utatur.
452 2469 503 2473 —-
555 2442 730 2499 Duplex
760 2441 925 2498 liquida
958 2450 1174 2499 spectatur
1204 2443 1248 2483 in
1282 2445 1576 2498 λ’ρανοιψνιόις
1605 2461 1671 2486 nr.
1690 2446 1711 2487 1

260 2510 290 2551 1.
324 2511 373 2561 7,
417 2509 494 2550 scd
526 2509 765 2567 lapicidae,
806 2518 853 2551 ut
881 2510 1078 2562 videtur,
1117 2511 1243 2568 culpa
1274 2527 1476 2569 pei-verse
1506 2513 1715 2556 collocata

260 2593 338 2635 pro
369 2579 680 2631 Kpavvovm'ozg.
716 2604 767 2608 ---
845 2577 1100 2619 Consonans
1134 2597 1155 2619 κ
1188 2580 1474 2636 praefigentes
1509 2579 1712 2623 Thessali

260 2644 423 2685 καττάνα
452 2645 655 2685 dicebant
682 2661 760 2702 pro
793 2644 925 2695 ἀπήνη
959 2646 1044 2686 vid.
1081 2646 1134 2686 L.
1158 2647 1215 2688 ll.
1251 2650 1290 2700 ξ.
1314 2648 1390 2701 19,
1424 2648 1462 2687 5.
1495 2661 1534 2687 c.

371 2711 419 2766 4)
482 2712 641 2754 Contra
671 2712 790 2767 ἱαρόν
820 2721 884 2755 est
916 2730 982 2753 nr.
1004 2715 1028 2754 ·2
1063 2714 1090 2754 1.
1122 2715 1201 2768 26,
1244 2730 1371 2772 quem
1402 2713 1573 2756 titulum
1605 2713 1712 2755 anti-

260 2779 452 2835 quiorem
500 2788 696 2837 putamus
738 2796 864 2837 qnam
912 2797 976 2822 nr.
1012 2782 1135 2824 1766.
1181 2810 1233 2815 —-
1301 2787 1336 2823 0
1375 2798 1453 2839 pro
1495 2799 1519 2821 α
1561 2777 1625 2822 cst
1665 2780 1710 2822 in
