1779 3079
514 158 554 218 ᾗ.
593 161 636 207 l.
708 161 1078 209 Praemonenda.
1491 164 1519 211 7

75 294 149 335 sed
188 295 313 335 etiam
350 294 616 349 Pausaniae,
660 294 734 351 qui
773 294 1015 336 Messenios
1053 294 1260 336 Doridem
1298 297 1517 353 puriorem

72 377 262 402 servasse
301 368 480 402 testatur
516 378 643 419 quam
684 361 874 417 reliquos
913 362 1254 419 Peloponnesios
1280 366 1357 419 ¹⁰),
1401 365 1516 406 Rho-

71 428 164 469 dios
194 427 360 469 Tiberii
398 436 529 470 aetate
558 428 719 469 Dorice
756 428 959 485 loquutos
998 444 1092 469 esse
1125 430 1358 473 Suetonius
1388 433 1515 474 tradit

69 511 106 537 c.
141 496 207 538 56.

179 564 380 604 Attamen
415 562 450 603 si
482 562 593 603 solas
625 561 928 619 inscriptiones
959 563 1184 615 consulas,
1223 564 1293 605 vix
1325 565 1513 607 credide·

67 630 128 671 ris
148 629 348 671 Doricam
378 630 630 678 dialectum,
664 645 771 685 quam
804 628 975 685 quidem
1006 629 1148 686 aliquo
1172 630 1272 684 jure
1304 632 1387 672 diei
1417 649 1512 688 pos-

68 697 147 746 sit,
195 697 240 737 in
279 697 496 754 plerisque
527 696 701 736 Doricis
741 695 982 737 civitatibus
1025 696 1075 737 ad
1107 696 1150 737 id
1183 698 1386 754 temporis
1417 716 1511 755 per-

66 764 257 804 durasse.
333 762 637 804 Recentissimi
679 763 792 803 enim
824 763 962 816 tituli,
1009 764 1083 820 qui
1114 764 1320 805 Doridem
1354 766 1510 806 medio·

63 830 192 872 criter
233 846 383 887 puram
423 831 649 883 exhibent,
698 837 797 870 sunt
827 830 1064 887 Byzantius
1093 830 1260 872 Tiberii
1298 832 1368 872 vel
1398 832 1511 874 Cali-

62 898 188 954 gulae
218 904 351 939 aetate
382 898 567 955 scriptus
601 897 652 938 C.
687 898 722 938 I.
756 914 822 938 nr.
854 898 992 951 2060,
1041 898 1252 955 Cyrenaei
1290 899 1509 953 nonnulli,

61 981 170 1022 quos
199 966 513 1022 frequentatum
541 965 613 1006 Ti.
648 965 818 1006 Claudii
855 981 1009 1005 nomen
1042 981 1129 1006 nou
1159 972 1254 1006 ante
1284 966 1512 1008 Tiberium

61 1033 244 1090 scriptos
290 1049 384 1073 esse
424 1032 595 1089 arguit,
653 1032 894 1088 Delphicus
939 1033 1052 1089 apud
1095 1033 1300 1073 Rossium
1337 1050 1403 1074 nr.
1437 1035 1508 1088 71,

61 1116 188 1158 quem
219 1100 350 1140 simili
379 1099 542 1140 ratione
572 1099 841 1156 Vespasiano
880 1115 967 1139 non
998 1099 1282 1156 antiquiorem
1313 1116 1406 1142 esse
1437 1118 1508 1159 ap-

58 1175 192 1225 paret.
267 1167 354 1208 Sed
388 1166 433 1207 in
462 1166 766 1223 Peloponneso
807 1173 848 1207 et:
877 1166 1098 1223 Megaride
1137 1168 1345 1209 maturius
1374 1169 1508 1225 patria

57 1235 208 1291 lingua
246 1234 291 1275 in
320 1234 508 1292 publicis
547 1233 814 1275 documentis
855 1234 1079 1275 obsolevit.
1153 1234 1252 1276 Non
1293 1236 1506 1278 credimus

58 1302 232 1360 quidem
265 1302 437 1342 titulum
466 1301 691 1342 Mcthanac
719 1317 854 1358 prope
885 1301 1153 1343 Troezenem
1185 1309 1418 1359 repertum,
1452 1304 1503 1346 C.

58 1370 95 1411 Ι.
128 1386 194 1410 nr.
229 1369 363 1422 1191,
414 1368 605 1425 vulgaris
648 1368 845 1421 dialecti,
907 1368 981 1426 qui
1019 1377 1084 1410 cst
1123 1369 1236 1411 eirca
1281 1386 1319 1410 a.
1355 1371 1434 1413 160
1464 1387 1502 1413 a.

59 1438 164 1479 Chr.
208 1436 419 1493 scriptus,
476 1453 498 1476 a
540 1436 908 1493 Peloponnesiaca
951 1436 1118 1478 civitate
1164 1437 1350 1494 positum
1390 1454 1500 1493 esse,

58 1505 133 1546 sed
171 1511 243 1545 aut
281 1520 304 1544 a
332 1504 560 1561 peregrina
590 1504 634 1543 in
667 1504 793 1544 isidis
825 1502 984 1560 templo
1015 1504 1269 1545 collocatum
1300 1512 1371 1545 aut
1401 1521 1502 1547 casu

56 1572 237 1629 quodam
270 1571 516 1612 Mcthanam
547 1571 728 1611 delatum
762 1570 1076 1625 existimamus,
1116 1571 1333 1627 Megarica
1360 1581 1501 1614 tamen

55 1639 222 1680 decreta
254 1654 292 1679 a.
325 1654 368 1678 u.
401 1639 481 1680 710
512 1638 670 1694 scripta
703 1638 753 1678 C.
786 1638 821 1678 I.
854 1654 921 1678 nr.
958 1639 1078 1680 1053.
1116 1640 1235 1681 1054.
1272 1640 1380 1682 1055
1409 1641 1499 1682 vul-

54 1723 199 1764 garem
229 1705 456 1746 dialectum
496 1706 724 1763 praebent,
774 1721 853 1746 nec
891 1705 1032 1746 minus
1062 1706 1306 1748 Messenius
1347 1708 1496 1749 titulus

51 1791 118 1816 nr.
155 1773 262 1816 1297
291 1790 328 1814 a.
363 1788 405 1813 u.
436 1773 659 1815 764-765
699 1772 884 1831 scriptus
915 1781 957 1813 et
985 1773 1093 1814 alius
1124 1790 1190 1814 nr.
1227 1775 1331 1817 1301
1363 1792 1385 1816 e
1418 1776 1497 1817 Ca-

50 1841 211 1899 ligulae
250 1847 410 1892 aetate,
455 1840 696 1881 Laconicus
738 1857 804 1881 nr.
840 1841 948 1883 ‘1389
987 1840 1178 1895 ejusdcm
1210 1842 1298 1884 fere
1328 1843 1491 1884 aetatis.

50 1908 291 1952 chissima
321 1915 421 1948 sunt
449 1906 627 1949 Doridis
670 1908 875 1965 vestigia,
926 1924 1034 1965 quac
1074 1924 1209 1966 usque
1242 1910 1294 1950 ad
1322 1911 1495 1951 tertium

49 1993 94 2035 p.
130 1977 234 2018 Chr.
285 1975 503 2017 saeculum
540 1975 587 2017 in
626 1975 762 2017 titulis
803 1984 874 2017 aut
901 1976 1153 2017 resederunt
1182 1983 1253 2017 aut
1281 1985 1380 2034 post
1407 1978 1492 2019 Ha-

50 2044 246 2085 drianum
295 2043 566 2101 antiquorum
606 2043 950 2085 resuscitatorem
993 2044 1330 2101 quaerebantur,
1377 2052 1424 2086 ut
1467 2047 1493 2086 οἱ

48 2111 190 2160 πόλις,
223 2111 243 2152 ὁ
277 2112 403 2163 δᾶμος
433 2117 474 2151 et
502 2110 723 2152 nominum
754 2110 1023 2168 propriorum
1052 2112 1210 2153 somnae
1240 2112 1442 2155 Doricae.

156 2178 253 2220 Jam
281 2194 382 2221 vero
413 2178 449 2220 si
481 2178 578 2235 quis
609 2179 710 2220 hinc
749 2178 951 2233 colligere
989 2178 1117 2231 velit,
1159 2179 1365 2222 Doricam
1404 2180 1489 2222 dia-

47 2248 205 2288 lectum
236 2245 372 2302 primo
402 2253 474 2286 aut
503 2253 615 2287 certe
646 2246 834 2288 secundo
864 2252 1034 2286 nostrae
1064 2261 1183 2287 aerae
1206 2248 1377 2289 saeculo
1402 2263 1489 2289 om·

48 2314 154 2356 nino
182 2312 411 2354 extinctam
440 2329 559 2366 esse,
605 2328 692 2354 non
731 2313 890 2355 rectius
924 2312 1205 2368 judicaverit,
1250 2329 1376 2371 quam
1414 2315 1489 2372 qui

48 2380 310 2423 Teutonicae
339 2379 511 2436 linguae
541 2380 767 2421 dialectum
798 2379 1010 2422 Sassicam
1040 2396 1118 2437 per
1145 2381 1225 2423 tria
1246 2381 1412 2422 saecula
1442 2382 1487 2422 in

48 2447 236 2508 publicis
266 2447 531 2488 documentis
561 2454 746 2505 sprctam
773 2447 900 2506 plane
930 2464 983 2490 cx
1004 2464 1076 2489 ore
1093 2448 1244 2506 populi
1265 2448 1488 2490 evanuisse

100 2609 151 2643 10)
200 2607 309 2640 Paus.
337 2607 405 2641 IV.
442 2619 471 2640 C.
498 2609 552 2642 27.
587 2617 680 2643 extr.
720 2609 796 2644 οὔτε
829 2608 893 2654 τὴν
923 2608 1098 2643 διάλεκτον
1131 2608 1192 2650 τὴν
1217 2606 1371 2652 Δωρικήν
1393 2620 1489 2647 μετε-

0 2692 1 2700 ,
51 2663 286 2708 ὃιὸάχθησαν,
319 2663 412 2697 ἀλλὰ
437 2666 492 2698 καὶ
517 2666 548 2704 ἐς
580 2664 668 2710 ἡμᾶς
691 2668 741 2700 ἔτι
763 2665 801 2701 τὸ
828 2666 963 2713 ἀκριβὲς
990 2665 1097 2710 αὐτῆς
1122 2665 1399 2709 Πελοποννησίων
1421 2665 1489 2706 μοὶ-

0 2715 1 2761 l
53 2722 152 2753 λιστα
176 2721 375 2761 ἐφύλασσον.
