1779 3079
260 196 360 245 390
657 195 699 254 §.
734 195 814 245 46.
886 195 1038 245 Varia
1070 197 1320 259 quaedam.

265 332 373 374 sime
402 347 425 373 a
457 330 677 389 Stephano
699 334 736 383 9)
778 331 957 375 Siciliae
994 332 1274 390 potissimum
1312 339 1355 375 et
1392 332 1540 376 Italiae
1579 332 1720 376 vindi·

263 406 443 455 cantur,
473 399 551 442 ubi
574 399 686 444 nihil
705 400 1009 459 frequentius>
1042 408 1090 442 ut
1104 399 1445 456 Ἀκραγαντῖνος,
1477 402 1718 452 Λεοντῖνος,
1760 435 1763 438 .

272 469 549 522 Ταραντῖνος,
594 468 904 517 Μεταποντῖνος
935 476 1017 510 etc.
1091 468 1162 511 En
1195 469 1443 512 Italicarum
1472 469 1722 527 linguarum
1757 484 1759 486 ·

262 534 494 592 viciniam,
541 536 657 579 unde
688 535 924 578 Siceliotae
954 544 996 579 et
1024 537 1222 581 Italiotae
1253 553 1344 580 eam
1372 536 1722 580 terminationem

260 610 604 663 assumpserunt.
646 629 700 636 -
760 603 958 647 Obscura
997 613 1127 659 sunt,
1174 621 1283 664 quae
1325 606 1378 647 de
1418 604 1720 662 Rheginorum

261 671 491 727 adjectivis
529 672 575 714 in
614 689 744 721 ωσιος
783 688 807 714 a
843 673 1037 730 genitivo
1067 673 1229 731 plurali
1259 672 1465 716 derivatis
1493 672 1723 715 traduntur

260 739 351 782 vid.
383 739 440 783 L.
473 741 494 783 I
533 738 572 796 ξ.
606 740 662 784 30
697 747 788 783 not.
819 739 862 782 6.
933 740 1146 798 Exempla
1176 750 1455 799 apponuntur
1487 739 1724 789 ἇνακώσιος

261 816 304 850 et
331 807 609 863 χαριτώσιος,
642 823 770 850 voees
801 807 980 849 aliunde
1011 823 1099 851 non
1129 810 1356 867 cognitae3
1390 826 1490 851 nam
1522 807 1722 856 ἀετώσιος

261 890 285 916 a
314 876 607 934 grammaticis
636 876 785 918 fictum
814 882 904 929 est,
937 875 1054 917 unde
1084 875 1257 926 ἐτώσιος
1287 877 1533 919 duceretur.

373 941 420 998 7)
479 942 698 985 Addimus
738 957 868 986 voces
912 944 1146 1002 quasdam,
1195 960 1303 1003 quas
1342 943 1643 987 Siceliotarum
1682 951 1725 986 et

262 1008 530 1053 Italiotarum
560 1009 715 1070 lingua
744 1025 843 1054 cum
862 1011 1020 1055 Latina
1049 1013 1296 1056 communia
1324 1012 1468 1055 hahet.
1529 1010 1724 1054 Primum

262 1090 536 1120 nummorum
565 1086 608 1121 et
635 1078 878 1138 ponderum
908 1081 1042 1123 multa
1072 1081 1273 1124 uomina:

376 1143 538 1199 νόμος
579 1146 673 1190 sive
723 1149 957 1202 νοῦμμος
1003 1149 1117 1207 apud
1162 1149 1360 1192 Italiotas
1403 1156 1446 1191 et
1490 1147 1723 1191 Siceliotas

265 1218 462 1255 monetae
491 1229 651 1257 nomen
680 1215 819 1258 fuisse
848 1216 1032 1260 traditur
1060 1226 1109 1259 ut
1137 1217 1344 1260 Latinum
1375 1231 1626 1259 nummus
1649 1217 1720 1269 l⁰).

264 1278 394 1322 Illam
420 1280 601 1325 formam
633 1283 867 1341 genuinam
899 1300 995 1329 esse
1033 1294 1230 1329 accurata
1259 1283 1634 1343 grammaticorum
1663 1290 1724 1325 te·

267 1346 469 1390 stimonia
500 1349 657 1394 docent
686 1360 728 1395 et
755 1353 918 1411 legitur
947 1353 994 1396 in
1024 1353 1166 1397 Tabb.
1199 1353 1375 1396 Heracl.
1408 1353 1456 1408 Ι,
1489 1352 1571 1406 753
1600 1353 1725 1404 νοῦμ-

264 1430 342 1467 μος·
370 1415 484 1474 apud
514 1418 741 1463 Pollucem
771 1421 979 1482 scriptum
1009 1429 1074 1465 est
1103 1422 1231 1465 etiam
1260 1422 1307 1465 in
1331 1419 1584 1480 Epicharmi
1611 1418 1726 1463 locis
1773 1471 1774 1474 Ἴ

314 1604 350 1646 9)
399 1604 528 1650 Steph.
552 1605 648 1651 Byz.
674 1615 702 1639 s.
733 1617 767 1640 v.
789 1605 982 1648 ’Ἀμπελοςε
1020 1606 1038 1640 ὁ
1064 1606 1206 1651 πολίτης
1227 1604 1427 1646 Ἀμπελῖνος
1453 1602 1496 1643 ὥς
1515 1603 1726 1651 Ἀσσωρΐνος,

262 1659 516 1704 Ἀβακαινῖνος·
551 1661 569 1698 ὁ
593 1662 661 1710 γὰρ
685 1662 795 1703 τύπος
818 1667 886 1699 τῶν
906 1663 1059 1699 Ἰταλῶν.
1088 1684 1130 1689 —
1180 1663 1235 1699 ld.
1265 1673 1294 1698 S.
1323 1674 1355 1698 v.
1377 1661 1584 1705 ’Λβακαῦνον
1608 1681 1651 1687 --
1682 1659 1725 1696 τὸ

267 1718 424 1753 ἕθνικνόν
451 1718 706 1765 Ἀβακαινῖνος,
741 1720 760 1757 ὃ
787 1721 849 1756 οὐκ
873 1721 982 1767 ἀηθὲς
1006 1722 1175 1760 Σικελῶν,
1212 1723 1494 1760 ΙὶῙεταποντῖνος,
1531 1721 1724 1760 Λεοντῖνος,

266 1777 497 1823 Βρῑντεσῐνος,
525 1781 756 1826 Ταραντῖνος,
777 1779 985 1827 Ἀρῤητῖνος,
1009 1778 1227 1825 Ἀσσωρῖνος,
1250 1777 1431 1825 Ἐρυκῖνος.

312 1848 372 1889 10)
420 1848 531 1882 Phot.
560 1855 595 1883 et
620 1848 728 1884 Suid.
763 1847 864 1889 νόμος
898 1870 939 1876 —
977 1849 1117 1894 Δωριεῖς
1144 1849 1178 1882 ὁὲ
1202 1848 1259 1881 ἐπὶ
1282 1848 1486 1888 νομίσματος
1507 1849 1662 1893 χρῶνται
1682 1848 1726 1893 τῇ

267 1903 350 1941 λέξει
388 1905 445 1938 καὶ
470 1903 636 1945 Ῥωμαῖοι
669 1907 977 1953 παραστρέψαντες
1008 1909 1159 1946 νοῦμμον
1192 1906 1338 1948 λέγουσι.
1379 1924 1421 1931 --
1469 1905 1565 1939 Anu.
1597 1903 1722 1940 Bekk.

267 1962 352 2004 109,
378 1962 433 1996 24.
481 1961 626 2002 ἰ’όμουςτ
662 1962 703 1998 τὸ
736 1962 907 2007 νόμισμα,
944 1962 1002 2002 οὓς
1034 1963 1067 1998 οἱ
1094 1962 1257 1996 Ἰταλικοὶ
1287 1961 1458 2002 νούμμους
1485 1962 1638 1995 καλοῦσι.
1678 1980 1721 1986 —-

266 2018 309 2052 ln
343 2018 498 2053 Scholio
532 2019 577 2053 ad
610 2020 770 2063 Gregor.
796 2022 973 2056 Nazianz.
1010 2021 1107 2066 apud
1141 2021 1334 2063 Jungerm.
1367 2019 1412 2053 ad
1439 2019 1541 2053 Poll.
1574 2018 1652 2061 IX,
1678 2020 1722 2054 8⁷

265 2074 367 2116 νόμος
391 2077 571 2121 scriptum
597 2084 651 2111 est
675 2085 712 2112 et
735 2081 825 2119 μνῶν
848 2086 975 2123 aperte
1007 2090 1027 2113 e
1051 2077 1162 2118 νόμων
1196 2085 1423 2122 corruptum.
1486 2076 1589 2110 Idem
1622 2079 1722 2118 μνῶν,

267 2134 368 2177 quod
395 2135 511 2170 multo
538 2134 686 2169 facilius
712 2146 732 2169 e
756 2135 866 2176 νόμων
892 2147 1000 2179 quam
1027 2148 1047 2170 e
1071 2135 1228 2176 νούμμων
1252 2134 1439 2180 corrumpi
1465 2140 1629 2178 poterat,
1667 2140 1722 2170 est

267 2191 365 2236 apud
390 2192 543 2227 Snidam
576 2202 604 2226 s.
630 2203 663 2226 v.
696 2193 869 2229 τάλαντον
899 2201 935 2228 et
960 2194 1099 2229 Scholl.
1126 2194 1171 2227 ΙΙ.
1197 2207 1230 2233 ε,
1257 2196 1325 2230 576
1356 2194 1391 2227 in
1424 2192 1586 2237 ejusdem
1611 2202 1721 2235 argu·
1760 2231 1762 2234 .

269 2249 380 2283 menti
409 2249 503 2283 locis
535 2250 600 2292 qui
635 2261 685 2284 ex
710 2251 933 2296 Apollodori
964 2252 1063 2285 libro
1088 2251 1134 2285 de
1160 2252 1356 2296 Sophrone
1383 2257 1621 2285 manaverunt
1647 2249 1722 2284 vid.

267 2307 435 2341 Boeckh.
472 2319 506 2352 p.
533 2310 611 2343 311.
650 2328 691 2333 -
744 2309 865 2344 Varro
901 2309 947 2343 dc
972 2309 1014 2343 L.
1043 2310 1085 2344 L.
1116 2308 1162 2351 V,
1190 2312 1234 2346 36
1271 2309 1334 2351 „in
1371 2316 1526 2352 argento
1561 2307 1720 2351 nummi3

268 2364 306 2397 id
334 2376 355 2399 a
379 2364 549 2400 Siculo.“
600 2365 689 2400 ltcm
718 2367 847 2401 Festus
880 2378 914 2411 p.
946 2369 1021 2401 172.
1055 2369 1118 2402 173
1144 2367 1251 2403 Miill.
1285 2367 1320 2400 in
1356 2367 1437 2400 loco
1470 2376 1564 2399 nunc
1590 2366 1721 2399 misere

268 2423 400 2457 mutilo
426 2434 550 2457 vocem
579 2434 742 2457 nummus
768 2435 788 2458 a
814 2425 970 2459 Graecis
996 2425 1250 2468 derivaverat,
1280 2436 1387 2467 quem
1415 2423 1554 2457 Paulus
1580 2423 1719 2456 Diaco-

266 2491 334 2514 ntts
362 2481 398 2514 in
426 2481 521 2514 hunc
546 2481 691 2514 modum
717 2481 924 2526 excerpsit:
953 2493 1149 2524 „nummus
1175 2494 1220 2516 cx
1248 2483 1394 2516 Graeco
1420 2481 1631 2514 nomismate
1658 2490 1720 2514 na·
1762 2520 1764 2529 Ι

266 2538 423 2572 5(ἰί[11“.“
463 2559 504 2563 —
557 2539 693 2572 Pollux
732 2540 810 2577 lX,
837 2542 888 2573 79.
937 2538 954 2570 ὁ
992 2541 1025 2572 ὑὲ
1058 2544 1204 2580 νοῦμμος
1240 2542 1331 2573 δοκεῖ
1358 2540 1416 2578 μὲν
1440 2532 1720 2577 εἷναιἹόψαίων
1757 2551 1759 2555 ’

266 2595 419 2635 τοῦνομα
442 2599 503 2629 τοῦ
530 2598 732 2635 νομίσματος
747 2607 754 2614 ·
789 2598 857 2630 ἔστι
882 2598 915 2630 ὸὲ
937 2595 1132 2641 Ἴτ’)’,ληνικὸν
1158 2599 1213 2631 καὶ
1235 2600 1302 2631 τῶν
1327 2597 1359 2629 ἐν
1381 2595 1514 2640 Ἰταλίᾳ
1538 2596 1594 2628 καὶ
1617 2597 1719 2628 Σικε-

267 2654 324 2696 λίᾳ
361 2654 518 2700 Δωριέων
551 2653 751 2694 (adduntur
785 2655 918 2699 Epich.
955 2657 1010 2690 92.
1043 2658 1086 2691 93
1123 2663 1158 2691 et
1196 2654 1407 2690 Aristotelis
1442 2652 1717 2692 testimonium).

267 2711 322 2744 ld.
355 2712 433 2755 lX,
459 2713 502 2747 87
538 2714 682 2752 ιόῦμμος
717 2724 764 2747 ex
792 2713 992 2748 Atistotelo
1025 2714 1133 2747 affert
1168 2713 1214 2747 de
1241 2713 1452 2748 Siculorum
1480 2711 1617 2746 talento
1642 2710 1718 2744 dis-

265 2778 420 2803 serente.
