<?xml version="1.0" encoding="UTF-8"?>
<!DOCTYPE html PUBLIC "-//W3C//DTD XHTML 1.0 Transitional//EN"
    "http://www.w3.org/TR/xhtml1/DTD/xhtml1-transitional.dtd">
<html xmlns="http://www.w3.org/1999/xhtml" xml:lang="en" lang="en">
 <head>
  <title>
</title>
<meta http-equiv="Content-Type" content="text/html;charset=utf-8" />
  <meta name='ocr-system' content='tesseract 3.04.00' />
  <meta name='ocr-capabilities' content='ocr_page ocr_carea ocr_par ocr_line ocrx_word'/>
</head>
<body>
  <div class='ocr_page' id='page_1' title='image "./degraecaelinguae01ahreuoft_0718.png"; bbox 0 0 1779 3079; ppageno 0'>
   <div class='ocr_carea' id='block_1_1' title="bbox 227 159 1280 227">
    <p class='ocr_par' dir='ltr' id='par_1_1' title="bbox 227 159 1280 227">
     <span class='ocr_line' id='line_1_1' title="bbox 227 159 1280 227; baseline 0.004 -17"><span class='ocrx_word' id='word_1_1' title='bbox 227 160 327 210; x_wconf 76' lang='lat'>394</span> <span class='ocrx_word' id='word_1_2' title='bbox 618 159 660 220; x_wconf 82' lang='lat'>§.</span> <span class='ocrx_word' id='word_1_3' title='bbox 694 161 772 211; x_wconf 84' lang='grc'>46.</span> <span class='ocrx_word' id='word_1_4' title='bbox 846 163 997 212; x_wconf 77' lang='lat' dir='ltr'>Varia</span> <span class='ocrx_word' id='word_1_5' title='bbox 1033 164 1280 227; x_wconf 83' lang='lat' dir='ltr'><strong>quaedam.</strong></span> 
     </span>
    </p>
   </div>
   <div class='ocr_carea' id='block_1_2' title="bbox 209 296 1680 2330">
    <p class='ocr_par' dir='ltr' id='par_1_2' title="bbox 219 296 1680 899">
     <span class='ocr_line' id='line_1_2' title="bbox 228 296 1680 362; baseline 0.003 -22"><span class='ocrx_word' id='word_1_6' title='bbox 228 297 377 340; x_wconf 90' lang='lat' dir='ltr'>Sicula</span> <span class='ocrx_word' id='word_1_7' title='bbox 408 311 492 340; x_wconf 84' lang='lat' dir='ltr'>vox</span> <span class='ocrx_word' id='word_1_8' title='bbox 521 296 682 339; x_wconf 86' lang='lat' dir='ltr'>dicitur</span> <span class='ocrx_word' id='word_1_9' title='bbox 710 300 780 351; x_wconf 87' lang='lat' dir='ltr'>l⁷).</span> <span class='ocrx_word' id='word_1_10' title='bbox 842 299 897 341; x_wconf 88' lang='lat' dir='ltr'>Et</span> <span class='ocrx_word' id='word_1_11' title='bbox 928 300 1242 343; x_wconf 81' lang='lat' dir='ltr'>deminutivum</span> <span class='ocrx_word' id='word_1_12' title='bbox 1273 301 1446 360; x_wconf 85' lang='lat' dir='ltr'>quidem</span> <span class='ocrx_word' id='word_1_13' title='bbox 1476 302 1680 362; x_wconf 83' lang='lat' dir='ltr'>frequen·</span> 
     </span>
     <span class='ocr_line' id='line_1_3' title="bbox 225 364 1679 426; baseline 0.003 -17"><span class='ocrx_word' id='word_1_14' title='bbox 225 374 340 409; x_wconf 84' lang='lat' dir='ltr'>tatur</span> <span class='ocrx_word' id='word_1_15' title='bbox 382 364 497 424; x_wconf 81' lang='lat' dir='ltr'>apud</span> <span class='ocrx_word' id='word_1_16' title='bbox 534 365 709 409; x_wconf 89' lang='lat' dir='ltr'>Atticos</span> <span class='ocrx_word' id='word_1_17' title='bbox 748 371 899 426; x_wconf 61' lang='lat' dir='ltr'>poctas</span> <span class='ocrx_word' id='word_1_18' title='bbox 943 370 1109 412; x_wconf 85' lang='lat' dir='ltr'>mediae</span> <span class='ocrx_word' id='word_1_19' title='bbox 1153 376 1195 411; x_wconf 89' lang='lat' dir='ltr'>et</span> <span class='ocrx_word' id='word_1_20' title='bbox 1235 385 1370 411; x_wconf 85' lang='lat' dir='ltr'>novae</span> <span class='ocrx_word' id='word_1_21' title='bbox 1415 370 1679 426; x_wconf 75' lang='lat' dir='ltr'>comoediae,</span> 
     </span>
     <span class='ocr_line' id='line_1_4' title="bbox 226 433 1678 497; baseline 0.003 -20"><span class='ocrx_word' id='word_1_22' title='bbox 226 434 303 477; x_wconf 87' lang='lat' dir='ltr'>sed</span> <span class='ocrx_word' id='word_1_23' title='bbox 332 433 473 476; x_wconf 86' lang='lat' dir='ltr'>tribus</span> <span class='ocrx_word' id='word_1_24' title='bbox 514 439 630 476; x_wconf 84' lang='lat' dir='ltr'>certe</span> <span class='ocrx_word' id='word_1_25' title='bbox 668 434 714 476; x_wconf 85' lang='lat' dir='ltr'>in</span> <span class='ocrx_word' id='word_1_26' title='bbox 753 435 865 478; x_wconf 89' lang='lat' dir='ltr'>locis</span> <span class='ocrx_word' id='word_1_27' title='bbox 905 436 994 488; x_wconf 87' lang='lat' dir='ltr'>ita,</span> <span class='ocrx_word' id='word_1_28' title='bbox 1039 445 1088 479; x_wconf 89' lang='lat' dir='ltr'>ut</span> <span class='ocrx_word' id='word_1_29' title='bbox 1118 436 1266 479; x_wconf 87' lang='lat' dir='ltr'>Sicula</span> <span class='ocrx_word' id='word_1_30' title='bbox 1301 437 1424 494; x_wconf 79' lang='lat' dir='ltr'>origo</span> <span class='ocrx_word' id='word_1_31' title='bbox 1462 447 1678 497; x_wconf 81' lang='lat' dir='ltr'>appareat,</span> 
     </span>
     <span class='ocr_line' id='line_1_5' title="bbox 223 501 1679 564; baseline 0.003 -20"><span class='ocrx_word' id='word_1_32' title='bbox 223 502 414 560; x_wconf 88' lang='lat' dir='ltr'>primum</span> <span class='ocrx_word' id='word_1_33' title='bbox 442 501 489 543; x_wconf 89' lang='lat' dir='ltr'>in</span> <span class='ocrx_word' id='word_1_34' title='bbox 519 501 684 546; x_wconf 88' lang='lat' dir='ltr'>Eubuli</span> <span class='ocrx_word' id='word_1_35' title='bbox 712 507 1072 559; x_wconf 70' lang='grc' dir='ltr'><em>Κατακολλωμένῳ</em></span> <span class='ocrx_word' id='word_1_36' title='bbox 1101 504 1293 548; x_wconf 80' lang='lat' dir='ltr'>Meinek.</span> <span class='ocrx_word' id='word_1_37' title='bbox 1325 506 1393 547; x_wconf 85' lang='lat' dir='ltr'>lll</span> <span class='ocrx_word' id='word_1_38' title='bbox 1430 523 1474 564; x_wconf 92' lang='lat' dir='ltr'>p.</span> <span class='ocrx_word' id='word_1_39' title='bbox 1506 506 1590 550; x_wconf 77' lang='lat'>228</span> <span class='ocrx_word' id='word_1_40' title='bbox 1625 522 1679 549; x_wconf 82' lang='lat' dir='ltr'>ex</span> 
     </span>
     <span class='ocr_line' id='line_1_6' title="bbox 221 570 1680 628; baseline 0.002 -16"><span class='ocrx_word' id='word_1_41' title='bbox 221 572 386 613; x_wconf 83' lang='lat' dir='ltr'><strong>Athen.</strong></span> <span class='ocrx_word' id='word_1_42' title='bbox 429 570 522 624; x_wconf 74' lang='lat' dir='ltr'>IX,</span> <span class='ocrx_word' id='word_1_43' title='bbox 554 570 650 613; x_wconf 82' lang='lat'>396.</span> <span class='ocrx_word' id='word_1_44' title='bbox 683 571 726 612; x_wconf 90' lang='lat' dir='ltr'>A</span> <span class='ocrx_word' id='word_1_45' title='bbox 767 579 809 614; x_wconf 85' lang='lat' dir='ltr'>et</span> <span class='ocrx_word' id='word_1_46' title='bbox 846 573 960 616; x_wconf 90' lang='lat' dir='ltr'>Poll.</span> <span class='ocrx_word' id='word_1_47' title='bbox 1002 574 1070 628; x_wconf 79' lang='lat' dir='ltr'>X,</span> <span class='ocrx_word' id='word_1_48' title='bbox 1116 574 1197 617; x_wconf 84' lang='grc'>107</span> <span class='ocrx_word' id='word_1_49' title='bbox 1236 576 1305 614; x_wconf 77' lang='grc' dir='ltr'><em>καὶ</em></span> <span class='ocrx_word' id='word_1_50' title='bbox 1344 573 1489 615; x_wconf 78' lang='grc' dir='ltr'><em>πνικτὰ</em></span> <span class='ocrx_word' id='word_1_51' title='bbox 1526 573 1680 617; x_wconf 70' lang='grc' dir='ltr'><em>Σικελοὶ</em></span> 
     </span>
     <span class='ocr_line' id='line_1_7' title="bbox 221 637 1678 697; baseline 0.003 -18"><span class='ocrx_word' id='word_1_52' title='bbox 221 641 428 680; x_wconf 74' lang='grc' dir='ltr'><em>πατανίων</em></span> <span class='ocrx_word' id='word_1_53' title='bbox 473 637 716 694; x_wconf 78' lang='grc' dir='ltr'><em>σωρεύματα</em></span> <span class='ocrx_word' id='word_1_54' title='bbox 760 640 1003 691; x_wconf 81' lang='lat' dir='ltr'><strong>(Athenaei</strong></span> <span class='ocrx_word' id='word_1_55' title='bbox 1042 642 1146 685; x_wconf 85' lang='lat' dir='ltr'>libri</span> <span class='ocrx_word' id='word_1_56' title='bbox 1187 644 1466 697; x_wconf 79' lang='grc' dir='ltr'><em>παντανίων),</em></span> <span class='ocrx_word' id='word_1_57' title='bbox 1519 643 1678 685; x_wconf 88' lang='lat' dir='ltr'>deinde</span> 
     </span>
     <span class='ocr_line' id='line_1_8' title="bbox 221 706 1677 767; baseline 0.002 -19"><span class='ocrx_word' id='word_1_58' title='bbox 221 707 338 765; x_wconf 81' lang='lat' dir='ltr'>apud</span> <span class='ocrx_word' id='word_1_59' title='bbox 377 706 562 749; x_wconf 88' lang='lat' dir='ltr'>eundem</span> <span class='ocrx_word' id='word_1_60' title='bbox 602 706 824 750; x_wconf 87' lang='lat' dir='ltr'>Eubulum</span> <span class='ocrx_word' id='word_1_61' title='bbox 867 725 909 767; x_wconf 87' lang='lat' dir='ltr'>p.</span> <span class='ocrx_word' id='word_1_62' title='bbox 944 710 1025 752; x_wconf 80' lang='lat'>265</span> <span class='ocrx_word' id='word_1_63' title='bbox 1065 710 1201 752; x_wconf 85' lang='lat' dir='ltr'>Mein.</span> <span class='ocrx_word' id='word_1_64' title='bbox 1243 709 1437 752; x_wconf 73' lang='grc' dir='ltr'><em>Σικελικά</em></span> <span class='ocrx_word' id='word_1_65' title='bbox 1479 710 1677 764; x_wconf 83' lang='grc' dir='ltr'><em>βατάνια,</em></span> 
     </span>
     <span class='ocr_line' id='line_1_9' title="bbox 219 775 1649 836; baseline 0.001 -18"><span class='ocrx_word' id='word_1_66' title='bbox 219 782 439 833; x_wconf 87' lang='lat' dir='ltr'>postremo</span> <span class='ocrx_word' id='word_1_67' title='bbox 468 775 516 817; x_wconf 89' lang='lat' dir='ltr'>in</span> <span class='ocrx_word' id='word_1_68' title='bbox 546 775 752 818; x_wconf 82' lang='lat' dir='ltr'>Alexidis</span> <span class='ocrx_word' id='word_1_69' title='bbox 781 777 1111 835; x_wconf 88' lang='lat' dir='ltr'>Asclepioclide</span> <span class='ocrx_word' id='word_1_70' title='bbox 1141 778 1332 820; x_wconf 83' lang='lat' dir='ltr'>Meinek.</span> <span class='ocrx_word' id='word_1_71' title='bbox 1366 778 1432 820; x_wconf 93' lang='lat' dir='ltr'>Ill</span> <span class='ocrx_word' id='word_1_72' title='bbox 1463 795 1506 836; x_wconf 89' lang='lat' dir='ltr'>p.</span> <span class='ocrx_word' id='word_1_73' title='bbox 1537 778 1649 822; x_wconf 73' lang='lat'>394:</span> 
     </span>
     <span class='ocr_line' id='line_1_10' title="bbox 828 843 1510 899; baseline 0.006 -16"><span class='ocrx_word' id='word_1_74' title='bbox 828 844 972 892; x_wconf 82' lang='grc' dir='ltr'><em>Οὕτως</em></span> <span class='ocrx_word' id='word_1_75' title='bbox 1002 843 1043 884; x_wconf 79' lang='grc' dir='ltr'>δ’</span> <span class='ocrx_word' id='word_1_76' title='bbox 1075 844 1314 899; x_wconf 80' lang='grc' dir='ltr'><em>ὀψοποιεῖν·</em></span> <span class='ocrx_word' id='word_1_77' title='bbox 1349 845 1510 897; x_wconf 79' lang='grc' dir='ltr'>εὐφυῶς</span> 
     </span>
    </p>

    <p class='ocr_par' dir='ltr' id='par_1_3' title="bbox 417 908 1465 965">
     <span class='ocr_line' id='line_1_11' title="bbox 417 908 1465 965; baseline 0.003 -15"><span class='ocrx_word' id='word_1_78' title='bbox 417 912 514 964; x_wconf 72' lang='grc' dir='ltr'><em>περὶ</em></span> <span class='ocrx_word' id='word_1_79' title='bbox 542 908 616 960; x_wconf 69' lang='grc' dir='ltr'>τήν</span> <span class='ocrx_word' id='word_1_80' title='bbox 646 912 837 952; x_wconf 80' lang='grc' dir='ltr'><em>Σικελίαν</em></span> <span class='ocrx_word' id='word_1_81' title='bbox 866 911 989 960; x_wconf 77' lang='grc' dir='ltr'><em>αὐτὸς·</em></span> <span class='ocrx_word' id='word_1_82' title='bbox 1020 911 1203 965; x_wconf 67' lang='grc' dir='ltr'><em>ἔμαθον,</em></span> <span class='ocrx_word' id='word_1_83' title='bbox 1237 914 1341 954; x_wconf 73' lang='grc' dir='ltr'><em>ὥστε</em></span> <span class='ocrx_word' id='word_1_84' title='bbox 1367 912 1465 962; x_wconf 80' lang='grc' dir='ltr'>τούς</span> 
     </span>
    </p>

    <p class='ocr_par' dir='ltr' id='par_1_4' title="bbox 418 978 1405 1034">
     <span class='ocr_line' id='line_1_12' title="bbox 418 978 1405 1034; baseline 0.003 -16"><span class='ocrx_word' id='word_1_85' title='bbox 418 979 682 1027; x_wconf 76' lang='grc' dir='ltr'><em>δειπνοῦντας</em></span> <span class='ocrx_word' id='word_1_86' title='bbox 712 980 769 1027; x_wconf 73' lang='grc' dir='ltr'>εἰς</span> <span class='ocrx_word' id='word_1_87' title='bbox 799 978 849 1020; x_wconf 75' lang='grc' dir='ltr'>τοὶ</span> <span class='ocrx_word' id='word_1_88' title='bbox 880 979 1048 1033; x_wconf 78' lang='grc' dir='ltr'><em>βατάνι’</em></span> <span class='ocrx_word' id='word_1_89' title='bbox 1080 981 1267 1034; x_wconf 74' lang='grc' dir='ltr'><em>ἐμβαλεῖν</em></span> <span class='ocrx_word' id='word_1_90' title='bbox 1295 984 1405 1023; x_wconf 68' lang='grc' dir='ltr'><em>ποιοῖ</em></span> 
     </span>
    </p>

    <p class='ocr_par' dir='ltr' id='par_1_5' title="bbox 209 1044 1677 2330">
     <span class='ocr_line' id='line_1_13' title="bbox 416 1044 1282 1100; baseline 0.006 -14"><span class='ocrx_word' id='word_1_91' title='bbox 416 1046 542 1088; x_wconf 77' lang='grc' dir='ltr'><em>ἐνίοτε</em></span> <span class='ocrx_word' id='word_1_92' title='bbox 569 1044 667 1094; x_wconf 76' lang='grc' dir='ltr'>τούς</span> <span class='ocrx_word' id='word_1_93' title='bbox 698 1045 871 1096; x_wconf 80' lang='grc' dir='ltr'><em>ὀδόντας</em></span> <span class='ocrx_word' id='word_1_94' title='bbox 902 1046 980 1090; x_wconf 77' lang='grc' dir='ltr'><em>ὑπὸ</em></span> <span class='ocrx_word' id='word_1_95' title='bbox 1012 1051 1086 1099; x_wconf 81' lang='grc' dir='ltr'>τῆς</span> <span class='ocrx_word' id='word_1_96' title='bbox 1114 1050 1282 1100; x_wconf 77' lang='grc' dir='ltr'><em>ἡδονῆς.</em></span> 
     </span>
     <span class='ocr_line' id='line_1_14' title="bbox 215 1113 1675 1175; baseline 0.002 -20"><span class='ocrx_word' id='word_1_97' title='bbox 215 1114 368 1173; x_wconf 87' lang='lat' dir='ltr'>Itaque</span> <span class='ocrx_word' id='word_1_98' title='bbox 399 1113 561 1172; x_wconf 85' lang='lat' dir='ltr'>reliqui</span> <span class='ocrx_word' id='word_1_99' title='bbox 592 1129 681 1156; x_wconf 92' lang='lat' dir='ltr'>non</span> <span class='ocrx_word' id='word_1_100' title='bbox 711 1114 857 1159; x_wconf 88' lang='lat' dir='ltr'>minus</span> <span class='ocrx_word' id='word_1_101' title='bbox 901 1123 975 1159; x_wconf 90' lang='lat' dir='ltr'>aut</span> <span class='ocrx_word' id='word_1_102' title='bbox 1005 1116 1058 1160; x_wconf 89' lang='lat' dir='ltr'>de</span> <span class='ocrx_word' id='word_1_103' title='bbox 1089 1116 1252 1160; x_wconf 85' lang='lat' dir='ltr'>Siculis</span> <span class='ocrx_word' id='word_1_104' title='bbox 1283 1118 1414 1160; x_wconf 88' lang='lat' dir='ltr'>rebus</span> <span class='ocrx_word' id='word_1_105' title='bbox 1443 1117 1675 1175; x_wconf 88' lang='lat' dir='ltr'>loquentes</span> 
     </span>
     <span class='ocr_line' id='line_1_15' title="bbox 215 1181 1671 1228; baseline -0.001 -3"><span class='ocrx_word' id='word_1_106' title='bbox 215 1198 265 1225; x_wconf 80' lang='lat' dir='ltr'>ea</span> <span class='ocrx_word' id='word_1_107' title='bbox 308 1198 413 1225; x_wconf 76' lang='lat' dir='ltr'>voce</span> <span class='ocrx_word' id='word_1_108' title='bbox 457 1181 521 1224; x_wconf 84' lang='lat' dir='ltr'>uti</span> <span class='ocrx_word' id='word_1_109' title='bbox 564 1190 637 1224; x_wconf 87' lang='lat' dir='ltr'>aut</span> <span class='ocrx_word' id='word_1_110' title='bbox 675 1198 699 1226; x_wconf 86' lang='lat' dir='ltr'>a</span> <span class='ocrx_word' id='word_1_111' title='bbox 740 1182 905 1228; x_wconf 87' lang='lat' dir='ltr'>Siculis</span> <span class='ocrx_word' id='word_1_112' title='bbox 949 1200 1043 1227; x_wconf 87' lang='lat' dir='ltr'>eam</span> <span class='ocrx_word' id='word_1_113' title='bbox 1090 1185 1273 1227; x_wconf 86' lang='lat' dir='ltr'>mutuati</span> <span class='ocrx_word' id='word_1_114' title='bbox 1316 1201 1412 1228; x_wconf 89' lang='lat' dir='ltr'>esse</span> <span class='ocrx_word' id='word_1_115' title='bbox 1454 1185 1671 1228; x_wconf 83' lang='lat' dir='ltr'>videntur.</span> 
     </span>
     <span class='ocr_line' id='line_1_16' title="bbox 215 1249 1674 1309; baseline -0.001 -16"><span class='ocrx_word' id='word_1_116' title='bbox 215 1249 441 1308; x_wconf 79' lang='lat' dir='ltr'>Scriptura</span> <span class='ocrx_word' id='word_1_117' title='bbox 477 1250 604 1292; x_wconf 83' lang='lat' dir='ltr'>valde</span> <span class='ocrx_word' id='word_1_118' title='bbox 644 1251 848 1309; x_wconf 78' lang='lat' dir='ltr'>ambigua</span> <span class='ocrx_word' id='word_1_119' title='bbox 887 1261 953 1295; x_wconf 88' lang='lat' dir='ltr'>est</span> <span class='ocrx_word' id='word_1_120' title='bbox 989 1253 1105 1296; x_wconf 86' lang='lat' dir='ltr'>inter</span> <span class='ocrx_word' id='word_1_121' title='bbox 1143 1252 1345 1295; x_wconf 86' lang='grc' dir='ltr'><em>πατάνιον</em></span> <span class='ocrx_word' id='word_1_122' title='bbox 1382 1260 1424 1296; x_wconf 92' lang='lat' dir='ltr'>et</span> <span class='ocrx_word' id='word_1_123' title='bbox 1461 1252 1674 1307; x_wconf 79' lang='grc' dir='ltr'><em>βατάνιον.</em></span> 
     </span>
     <span class='ocr_line' id='line_1_17' title="bbox 213 1317 1674 1376; baseline 0.001 -16"><span class='ocrx_word' id='word_1_124' title='bbox 213 1317 324 1361; x_wconf 84' lang='lat' dir='ltr'>Nam</span> <span class='ocrx_word' id='word_1_125' title='bbox 367 1334 502 1376; x_wconf 87' lang='lat' dir='ltr'>quum</span> <span class='ocrx_word' id='word_1_126' title='bbox 546 1319 709 1362; x_wconf 84' lang='lat' dir='ltr'>Pollux</span> <span class='ocrx_word' id='word_1_127' title='bbox 751 1320 822 1375; x_wconf 79' lang='grc' dir='ltr'>Χ,</span> <span class='ocrx_word' id='word_1_128' title='bbox 856 1321 937 1364; x_wconf 91' lang='grc'>107</span> <span class='ocrx_word' id='word_1_129' title='bbox 978 1321 1177 1364; x_wconf 85' lang='grc' dir='ltr'><em>πατάνιον</em></span> <span class='ocrx_word' id='word_1_130' title='bbox 1219 1322 1367 1363; x_wconf 83' lang='lat' dir='ltr'>afferat</span> <span class='ocrx_word' id='word_1_131' title='bbox 1413 1337 1467 1363; x_wconf 80' lang='lat' dir='ltr'>ex</span> <span class='ocrx_word' id='word_1_132' title='bbox 1507 1319 1674 1363; x_wconf 90' lang='lat' dir='ltr'>Eubuli</span> 
     </span>
     <span class='ocr_line' id='line_1_18' title="bbox 215 1386 1677 1447; baseline 0 -19"><span class='ocrx_word' id='word_1_133' title='bbox 215 1386 594 1442; x_wconf 75' lang='lat' dir='ltr'>Cataeollomem,</span> <span class='ocrx_word' id='word_1_134' title='bbox 626 1388 892 1447; x_wconf 82' lang='lat' dir='ltr'>Antiphanis</span> <span class='ocrx_word' id='word_1_135' title='bbox 923 1389 1173 1447; x_wconf 77' lang='lat' dir='ltr'>Euthydico</span> <span class='ocrx_word' id='word_1_136' title='bbox 1205 1389 1342 1431; x_wconf 87' lang='lat' dir='ltr'>Mein.</span> <span class='ocrx_word' id='word_1_137' title='bbox 1375 1389 1442 1431; x_wconf 88' lang='lat' dir='ltr'>Ill</span> <span class='ocrx_word' id='word_1_138' title='bbox 1472 1404 1518 1446; x_wconf 87' lang='lat' dir='ltr'>p.</span> <span class='ocrx_word' id='word_1_139' title='bbox 1550 1388 1601 1430; x_wconf 86' lang='lat'>51</span> <span class='ocrx_word' id='word_1_140' title='bbox 1635 1393 1677 1429; x_wconf 89' lang='lat' dir='ltr'>et</span> 
     </span>
     <span class='ocr_line' id='line_1_19' title="bbox 213 1455 1675 1515; baseline 0 -18"><span class='ocrx_word' id='word_1_141' title='bbox 213 1455 419 1498; x_wconf 83' lang='lat' dir='ltr'>Alexidis</span> <span class='ocrx_word' id='word_1_142' title='bbox 440 1455 795 1514; x_wconf 85' lang='lat' dir='ltr'>Asclepioelide,</span> <span class='ocrx_word' id='word_1_143' title='bbox 828 1456 1024 1511; x_wconf 78' lang='grc' dir='ltr'><em>βατάνιον</em></span> <span class='ocrx_word' id='word_1_144' title='bbox 1056 1473 1078 1499; x_wconf 90' lang='lat' dir='ltr'>e</span> <span class='ocrx_word' id='word_1_145' title='bbox 1113 1458 1205 1501; x_wconf 89' lang='lat' dir='ltr'>solo</span> <span class='ocrx_word' id='word_1_146' title='bbox 1226 1458 1506 1515; x_wconf 81' lang='lat' dir='ltr'>Hipparcho,</span> <span class='ocrx_word' id='word_1_147' title='bbox 1537 1470 1675 1498; x_wconf 84' lang='lat' dir='ltr'>novae</span> 
     </span>
     <span class='ocr_line' id='line_1_20' title="bbox 211 1522 1672 1584; baseline 0 -19"><span class='ocrx_word' id='word_1_148' title='bbox 211 1523 462 1566; x_wconf 86' lang='lat' dir='ltr'>comoediae</span> <span class='ocrx_word' id='word_1_149' title='bbox 491 1527 619 1582; x_wconf 60' lang='lat' dir='ltr'>pocta</span> <span class='ocrx_word' id='word_1_150' title='bbox 644 1523 837 1568; x_wconf 81' lang='lat' dir='ltr'>Meinek.</span> <span class='ocrx_word' id='word_1_151' title='bbox 861 1526 927 1568; x_wconf 87' lang='lat' dir='ltr'>IV</span> <span class='ocrx_word' id='word_1_152' title='bbox 947 1527 1108 1584; x_wconf 74' lang='lat' dir='ltr'>p.432‚</span> <span class='ocrx_word' id='word_1_153' title='bbox 1139 1526 1392 1567; x_wconf 83' lang='lat' dir='ltr'>Athenaeus</span> <span class='ocrx_word' id='word_1_154' title='bbox 1410 1524 1490 1575; x_wconf 86' lang='lat' dir='ltr'>IV,</span> <span class='ocrx_word' id='word_1_155' title='bbox 1515 1523 1611 1566; x_wconf 83' lang='lat'><strong>169.</strong></span> <span class='ocrx_word' id='word_1_156' title='bbox 1629 1522 1672 1565; x_wconf 89' lang='lat' dir='ltr'>D</span> 
     </span>
     <span class='ocr_line' id='line_1_21' title="bbox 211 1590 1674 1650; baseline -0.001 -18"><span class='ocrx_word' id='word_1_157' title='bbox 211 1590 256 1632; x_wconf 90' lang='lat' dir='ltr'>in</span> <span class='ocrx_word' id='word_1_158' title='bbox 287 1592 443 1634; x_wconf 87' lang='lat' dir='ltr'>iisdem</span> <span class='ocrx_word' id='word_1_159' title='bbox 473 1592 741 1650; x_wconf 86' lang='lat' dir='ltr'>Antiphanis</span> <span class='ocrx_word' id='word_1_160' title='bbox 780 1601 823 1636; x_wconf 91' lang='lat' dir='ltr'>et</span> <span class='ocrx_word' id='word_1_161' title='bbox 851 1594 1052 1638; x_wconf 81' lang='lat' dir='ltr'>Alexidis</span> <span class='ocrx_word' id='word_1_162' title='bbox 1094 1594 1207 1637; x_wconf 90' lang='lat' dir='ltr'>locis</span> <span class='ocrx_word' id='word_1_163' title='bbox 1238 1593 1435 1647; x_wconf 84' lang='grc' dir='ltr'><em>βατάνιον</em></span> <span class='ocrx_word' id='word_1_164' title='bbox 1465 1591 1674 1649; x_wconf 85' lang='lat' dir='ltr'>scriptum</span> 
     </span>
     <span class='ocr_line' id='line_1_22' title="bbox 211 1658 1672 1720; baseline -0.001 -19"><span class='ocrx_word' id='word_1_165' title='bbox 211 1660 407 1715; x_wconf 74' lang='lat' dir='ltr'>invenit,</span> <span class='ocrx_word' id='word_1_166' title='bbox 463 1668 611 1702; x_wconf 84' lang='lat' dir='ltr'>contra</span> <span class='ocrx_word' id='word_1_167' title='bbox 650 1660 829 1703; x_wconf 85' lang='grc' dir='ltr'><em>πατάνια</em></span> <span class='ocrx_word' id='word_1_168' title='bbox 868 1662 915 1704; x_wconf 90' lang='lat' dir='ltr'>in</span> <span class='ocrx_word' id='word_1_169' title='bbox 952 1661 1222 1720; x_wconf 84' lang='lat' dir='ltr'>Antiphanis</span> <span class='ocrx_word' id='word_1_170' title='bbox 1265 1661 1388 1714; x_wconf 81' lang='grc' dir='ltr'><em>Γάμῳ</em></span> <span class='ocrx_word' id='word_1_171' title='bbox 1425 1659 1560 1701; x_wconf 88' lang='lat' dir='ltr'>Mein.</span> <span class='ocrx_word' id='word_1_172' title='bbox 1605 1658 1672 1700; x_wconf 90' lang='lat'><em>111.</em></span> 
     </span>
     <span class='ocr_line' id='line_1_23' title="bbox 210 1725 1672 1788; baseline -0.002 -18"><span class='ocrx_word' id='word_1_173' title='bbox 210 1744 249 1786; x_wconf 86' lang='lat' dir='ltr'>p.</span> <span class='ocrx_word' id='word_1_174' title='bbox 283 1729 363 1782; x_wconf 81' lang='grc'>39,</span> <span class='ocrx_word' id='word_1_175' title='bbox 398 1728 476 1770; x_wconf 82' lang='lat' dir='ltr'>ubi</span> <span class='ocrx_word' id='word_1_176' title='bbox 506 1728 882 1786; x_wconf 84' lang='lat' dir='ltr'>Antiatticista17)</span> <span class='ocrx_word' id='word_1_177' title='bbox 915 1730 1092 1784; x_wconf 78' lang='grc' dir='ltr'><em>βατάνια</em></span> <span class='ocrx_word' id='word_1_178' title='bbox 1122 1729 1256 1788; x_wconf 76' lang='lat' dir='ltr'>legit,</span> <span class='ocrx_word' id='word_1_179' title='bbox 1292 1729 1536 1777; x_wconf 84' lang='grc' dir='ltr'><em>Πατανίων,</em></span> <span class='ocrx_word' id='word_1_180' title='bbox 1577 1725 1672 1768; x_wconf 77' lang='lat' dir='ltr'>coci</span> 
     </span>
     <span class='ocr_line' id='line_1_24' title="bbox 209 1796 1671 1856; baseline -0.001 -18"><span class='ocrx_word' id='word_1_181' title='bbox 209 1813 396 1852; x_wconf 78' lang='lat' dir='ltr'>nomen,</span> <span class='ocrx_word' id='word_1_182' title='bbox 442 1798 489 1840; x_wconf 87' lang='lat' dir='ltr'>iu</span> <span class='ocrx_word' id='word_1_183' title='bbox 519 1797 757 1840; x_wconf 87' lang='lat' dir='ltr'>Philetaeri</span> <span class='ocrx_word' id='word_1_184' title='bbox 789 1798 1044 1856; x_wconf 87' lang='lat' dir='ltr'>Oenopione</span> <span class='ocrx_word' id='word_1_185' title='bbox 1073 1798 1211 1840; x_wconf 85' lang='lat' dir='ltr'>Mein.</span> <span class='ocrx_word' id='word_1_186' title='bbox 1252 1797 1320 1838; x_wconf 89' lang='grc' dir='ltr'>ΙΙΙ</span> <span class='ocrx_word' id='word_1_187' title='bbox 1358 1813 1402 1854; x_wconf 88' lang='lat' dir='ltr'>p.</span> <span class='ocrx_word' id='word_1_188' title='bbox 1441 1796 1551 1849; x_wconf 78' lang='lat'><strong>292,</strong></span> <span class='ocrx_word' id='word_1_189' title='bbox 1596 1809 1671 1852; x_wconf 90' lang='lat' dir='ltr'>po-</span> 
     </span>
     <span class='ocr_line' id='line_1_25' title="bbox 211 1863 1670 1925; baseline -0.003 -18"><span class='ocrx_word' id='word_1_190' title='bbox 211 1872 371 1908; x_wconf 85' lang='lat' dir='ltr'>stremo</span> <span class='ocrx_word' id='word_1_191' title='bbox 401 1865 448 1907; x_wconf 88' lang='lat' dir='ltr'>in</span> <span class='ocrx_word' id='word_1_192' title='bbox 479 1865 644 1908; x_wconf 90' lang='lat' dir='ltr'>Eubuli</span> <span class='ocrx_word' id='word_1_193' title='bbox 675 1866 780 1909; x_wconf 85' lang='lat' dir='ltr'>Ione</span> <span class='ocrx_word' id='word_1_194' title='bbox 809 1866 946 1908; x_wconf 87' lang='lat' dir='ltr'>Mein.</span> <span class='ocrx_word' id='word_1_195' title='bbox 990 1867 1056 1908; x_wconf 93' lang='lat' dir='ltr'>III</span> <span class='ocrx_word' id='word_1_196' title='bbox 1094 1883 1138 1925; x_wconf 88' lang='lat' dir='ltr'>p.</span> <span class='ocrx_word' id='word_1_197' title='bbox 1170 1866 1253 1908; x_wconf 74' lang='lat'>2⁶23</span> <span class='ocrx_word' id='word_1_198' title='bbox 1293 1863 1471 1906; x_wconf 87' lang='grc' dir='ltr'><em>πατάνια</em></span> <span class='ocrx_word' id='word_1_199' title='bbox 1509 1870 1552 1904; x_wconf 90' lang='lat' dir='ltr'>et</span> <span class='ocrx_word' id='word_1_200' title='bbox 1591 1867 1670 1914; x_wconf 74' lang='grc' dir='ltr'><em>βα·-</em></span> 
     </span>
     <span class='ocr_line' id='line_1_26' title="bbox 209 1928 1668 1990; baseline -0.003 -16"><span class='ocrx_word' id='word_1_201' title='bbox 209 1932 328 1974; x_wconf 87' lang='grc' dir='ltr'><em>τάνια</em></span> <span class='ocrx_word' id='word_1_202' title='bbox 357 1936 515 1976; x_wconf 85' lang='lat' dir='ltr'>mirum</span> <span class='ocrx_word' id='word_1_203' title='bbox 546 1934 592 1975; x_wconf 87' lang='lat' dir='ltr'>iu</span> <span class='ocrx_word' id='word_1_204' title='bbox 621 1934 798 1976; x_wconf 87' lang='lat' dir='ltr'>modum</span> <span class='ocrx_word' id='word_1_205' title='bbox 828 1936 1087 1990; x_wconf 74' lang='lat' dir='ltr'>conjuncta3</span> <span class='ocrx_word' id='word_1_206' title='bbox 1137 1932 1333 1987; x_wconf 72' lang='grc' dir='ltr'><em>βατάνιον</em></span> <span class='ocrx_word' id='word_1_207' title='bbox 1362 1931 1414 1972; x_wconf 86' lang='lat' dir='ltr'>ab</span> <span class='ocrx_word' id='word_1_208' title='bbox 1447 1928 1668 1986; x_wconf 63' lang='lat' dir='ltr'>Hesychio</span> 
     </span>
     <span class='ocr_line' id='line_1_27' title="bbox 211 1996 1665 2054; baseline -0.005 -11"><span class='ocrx_word' id='word_1_209' title='bbox 211 2001 409 2044; x_wconf 88' lang='lat' dir='ltr'>Siculum</span> <span class='ocrx_word' id='word_1_210' title='bbox 450 2001 632 2054; x_wconf 77' lang='lat' dir='ltr'>dicitur,</span> <span class='ocrx_word' id='word_1_211' title='bbox 678 2001 729 2042; x_wconf 88' lang='lat' dir='ltr'>ab</span> <span class='ocrx_word' id='word_1_212' title='bbox 759 2001 1058 2043; x_wconf 86' lang='lat' dir='ltr'>Antiatticista</span> <span class='ocrx_word' id='word_1_213' title='bbox 1088 1997 1402 2042; x_wconf 80' lang='lat' dir='ltr'>Alexandrinis</span> <span class='ocrx_word' id='word_1_214' title='bbox 1443 1996 1665 2049; x_wconf 80' lang='lat' dir='ltr'>tribuitur,</span> 
     </span>
     <span class='ocr_line' id='line_1_28' title="bbox 210 2065 1667 2126; baseline -0.005 -14"><span class='ocrx_word' id='word_1_215' title='bbox 210 2086 234 2111; x_wconf 80' lang='lat' dir='ltr'>a</span> <span class='ocrx_word' id='word_1_216' title='bbox 264 2070 445 2112; x_wconf 91' lang='lat' dir='ltr'>Polluce</span> <span class='ocrx_word' id='word_1_217' title='bbox 484 2070 539 2111; x_wconf 84' lang='lat' dir='ltr'>ad</span> <span class='ocrx_word' id='word_1_218' title='bbox 568 2068 771 2110; x_wconf 79' lang='lat' dir='ltr'>rusticam</span> <span class='ocrx_word' id='word_1_219' title='bbox 801 2068 1200 2126; x_wconf 86' lang='lat' dir='ltr'>pronuntiationem</span> <span class='ocrx_word' id='word_1_220' title='bbox 1239 2067 1426 2109; x_wconf 84' lang='lat' dir='ltr'>refertur</span> <span class='ocrx_word' id='word_1_221' title='bbox 1456 2067 1534 2117; x_wconf 80' lang='lat'>¹⁷),</span> <span class='ocrx_word' id='word_1_222' title='bbox 1586 2065 1667 2106; x_wconf 89' lang='lat' dir='ltr'>hoc</span> 
     </span>
     <span class='ocr_line' id='line_1_29' title="bbox 209 2129 1664 2192; baseline -0.005 -12"><span class='ocrx_word' id='word_1_223' title='bbox 209 2146 351 2192; x_wconf 78' lang='lat' dir='ltr'>recte,</span> <span class='ocrx_word' id='word_1_224' title='bbox 398 2137 487 2180; x_wconf 88' lang='lat' dir='ltr'>nisi</span> <span class='ocrx_word' id='word_1_225' title='bbox 525 2137 731 2180; x_wconf 80' lang='lat' dir='ltr'>fallimur.</span> <span class='ocrx_word' id='word_1_226' title='bbox 808 2136 1010 2179; x_wconf 88' lang='lat' dir='ltr'>Ceterum</span> <span class='ocrx_word' id='word_1_227' title='bbox 1051 2134 1207 2189; x_wconf 81' lang='grc' dir='ltr'><em>βατάνη</em></span> <span class='ocrx_word' id='word_1_228' title='bbox 1239 2134 1402 2192; x_wconf 78' lang='lat' dir='ltr'>legitur</span> <span class='ocrx_word' id='word_1_229' title='bbox 1431 2131 1546 2191; x_wconf 82' lang='lat' dir='ltr'>apud</span> <span class='ocrx_word' id='word_1_230' title='bbox 1574 2129 1664 2173; x_wconf 78' lang='lat' dir='ltr'>Ma-</span> 
     </span>
     <span class='ocr_line' id='line_1_30' title="bbox 209 2198 1664 2265; baseline -0.005 -17"><span class='ocrx_word' id='word_1_231' title='bbox 209 2214 377 2248; x_wconf 87' lang='lat' dir='ltr'>tronem</span> <span class='ocrx_word' id='word_1_232' title='bbox 407 2205 617 2265; x_wconf 88' lang='lat' dir='ltr'>parodum</span> <span class='ocrx_word' id='word_1_233' title='bbox 647 2205 752 2247; x_wconf 82' lang='lat' dir='ltr'>Ath.</span> <span class='ocrx_word' id='word_1_234' title='bbox 785 2205 852 2246; x_wconf 90' lang='lat' dir='ltr'>IV</span> <span class='ocrx_word' id='word_1_235' title='bbox 890 2221 933 2262; x_wconf 91' lang='lat' dir='ltr'>p.</span> <span class='ocrx_word' id='word_1_236' title='bbox 969 2203 1065 2247; x_wconf 75' lang='lat'><strong>136.</strong></span> <span class='ocrx_word' id='word_1_237' title='bbox 1096 2204 1156 2245; x_wconf 90' lang='lat' dir='ltr'>D.</span> <span class='ocrx_word' id='word_1_238' title='bbox 1228 2200 1506 2244; x_wconf 88' lang='lat' dir='ltr'>Deminutivi</span> <span class='ocrx_word' id='word_1_239' title='bbox 1540 2198 1664 2241; x_wconf 82' lang='lat' dir='ltr'>tertia</span> 
     </span>
     <span class='ocr_line' id='line_1_31' title="bbox 210 2266 1662 2330; baseline -0.006 -13"><span class='ocrx_word' id='word_1_240' title='bbox 210 2276 347 2317; x_wconf 81' lang='lat' dir='ltr'>forma</span> <span class='ocrx_word' id='word_1_241' title='bbox 376 2275 545 2317; x_wconf 84' lang='lat' dir='ltr'>accedit</span> <span class='ocrx_word' id='word_1_242' title='bbox 572 2272 817 2323; x_wconf 84' lang='grc' dir='ltr'><em>παντάνιον,</em></span> <span class='ocrx_word' id='word_1_243' title='bbox 858 2289 986 2330; x_wconf 86' lang='lat' dir='ltr'>quam</span> <span class='ocrx_word' id='word_1_244' title='bbox 1017 2271 1233 2314; x_wconf 84' lang='lat' dir='ltr'>Athenaei</span> <span class='ocrx_word' id='word_1_245' title='bbox 1263 2269 1367 2312; x_wconf 83' lang='lat' dir='ltr'>libri</span> <span class='ocrx_word' id='word_1_246' title='bbox 1396 2269 1443 2311; x_wconf 83' lang='lat' dir='ltr'>in</span> <span class='ocrx_word' id='word_1_247' title='bbox 1473 2266 1662 2310; x_wconf 80' lang='lat' dir='ltr'>Eubulei</span> 
     </span>
    </p>
   </div>
   <div class='ocr_carea' id='block_1_3' title="bbox 214 2357 389 2364">
    <p class='ocr_par' dir='ltr' id='par_1_6' title="bbox 214 2357 389 2364">
     <span class='ocr_line' id='line_1_32' title="bbox 214 2357 389 2364; baseline 0 0"><span class='ocrx_word' id='word_1_248' title='bbox 214 2357 389 2364; x_wconf 95' lang='lat' dir='ltr'> </span> 
     </span>
    </p>
   </div>
   <div class='ocr_carea' id='block_1_4' title="bbox 397 2357 557 2363">
    <p class='ocr_par' dir='ltr' id='par_1_7' title="bbox 397 2357 557 2363">
     <span class='ocr_line' id='line_1_33' title="bbox 397 2357 557 2363; baseline 0 0"><span class='ocrx_word' id='word_1_249' title='bbox 397 2357 557 2363; x_wconf 95' lang='lat' dir='ltr'> </span> 
     </span>
    </p>
   </div>
   <div class='ocr_carea' id='block_1_5' title="bbox 258 2382 1658 2436">
    <p class='ocr_par' dir='ltr' id='par_1_8' title="bbox 258 2382 1658 2436">
     <span class='ocr_line' id='line_1_34' title="bbox 258 2382 1658 2436; baseline -0.005 -11"><span class='ocrx_word' id='word_1_250' title='bbox 258 2392 314 2433; x_wconf 90' lang='lat'>17)</span> <span class='ocrx_word' id='word_1_251' title='bbox 362 2390 528 2436; x_wconf 75' lang='lat' dir='ltr'>Hesych.</span> <span class='ocrx_word' id='word_1_252' title='bbox 565 2387 793 2432; x_wconf 79' lang='grc' dir='ltr'><em>βατάνια,</em></span> <span class='ocrx_word' id='word_1_253' title='bbox 833 2387 879 2421; x_wconf 78' lang='grc' dir='ltr'><em>τὰ</em></span> <span class='ocrx_word' id='word_1_254' title='bbox 911 2387 1085 2422; x_wconf 76' lang='grc' dir='ltr'><em>λοπάδια·</em></span> <span class='ocrx_word' id='word_1_255' title='bbox 1126 2386 1145 2433; x_wconf 79' lang='grc' dir='ltr'><strong><em>ἦ</em></strong></span> <span class='ocrx_word' id='word_1_256' title='bbox 1184 2390 1218 2422; x_wconf 77' lang='grc' dir='ltr'>ὸὲ</span> <span class='ocrx_word' id='word_1_257' title='bbox 1252 2389 1335 2425; x_wconf 77' lang='grc' dir='ltr'><em>λέξις</em></span> <span class='ocrx_word' id='word_1_258' title='bbox 1371 2387 1539 2427; x_wconf 55' lang='lat' dir='ltr'>Ebusita-1·</span> <span class='ocrx_word' id='word_1_259' title='bbox 1601 2382 1658 2418; x_wconf 86' lang='lat' dir='ltr'>Id.</span> 
     </span>
    </p>
   </div>
   <div class='ocr_carea' id='block_1_6' title="bbox 207 2450 1658 2621">
    <p class='ocr_par' dir='ltr' id='par_1_9' title="bbox 207 2450 1658 2621">
     <span class='ocr_line' id='line_1_35' title="bbox 209 2450 1658 2500; baseline -0.005 -7"><span class='ocrx_word' id='word_1_260' title='bbox 209 2459 366 2493; x_wconf 76' lang='grc' dir='ltr'><em>πατάνια</em></span> <span class='ocrx_word' id='word_1_261' title='bbox 394 2479 434 2484; x_wconf 79' lang='lat'>-—</span> <span class='ocrx_word' id='word_1_262' title='bbox 462 2459 546 2496; x_wconf 80' lang='grc' dir='ltr'><em>τινὲς</em></span> <span class='ocrx_word' id='word_1_263' title='bbox 571 2460 605 2493; x_wconf 75' lang='grc' dir='ltr'>ὁὲ</span> <span class='ocrx_word' id='word_1_264' title='bbox 630 2458 688 2493; x_wconf 72' lang='grc' dir='ltr'>διὰ</span> <span class='ocrx_word' id='word_1_265' title='bbox 711 2461 774 2493; x_wconf 79' lang='grc' dir='ltr'>τοῦ</span> <span class='ocrx_word' id='word_1_266' title='bbox 796 2450 825 2500; x_wconf 56' lang='grc' dir='ltr'>,ἶ</span> <span class='ocrx_word' id='word_1_267' title='bbox 843 2457 993 2499; x_wconf 71' lang='grc' dir='ltr'><em>βατάνια</em></span> <span class='ocrx_word' id='word_1_268' title='bbox 1021 2459 1165 2500; x_wconf 68' lang='grc' dir='ltr'><em>λέγουσι.</em></span> <span class='ocrx_word' id='word_1_269' title='bbox 1201 2477 1241 2481; x_wconf 95' lang='grc'><strong>-</strong></span> <span class='ocrx_word' id='word_1_270' title='bbox 1292 2455 1388 2489; x_wconf 86' lang='lat' dir='ltr'>Poll.</span> <span class='ocrx_word' id='word_1_271' title='bbox 1417 2456 1475 2496; x_wconf 82' lang='grc' dir='ltr'>Χ,</span> <span class='ocrx_word' id='word_1_272' title='bbox 1500 2453 1575 2485; x_wconf 89' lang='lat'>107.</span> <span class='ocrx_word' id='word_1_273' title='bbox 1625 2452 1658 2486; x_wconf 79' lang='grc' dir='ltr'>ἐν</span> 
     </span>
     <span class='ocr_line' id='line_1_36' title="bbox 207 2511 1656 2563; baseline -0.009 -12"><span class='ocrx_word' id='word_1_274' title='bbox 207 2519 242 2552; x_wconf 78' lang='grc' dir='ltr'>δὲ</span> <span class='ocrx_word' id='word_1_275' title='bbox 266 2521 342 2557; x_wconf 83' lang='grc' dir='ltr'><em>ταῖς</em></span> <span class='ocrx_word' id='word_1_276' title='bbox 360 2515 559 2563; x_wconf 66' lang='grc' dir='ltr'><em>Ἱππάρχου</em></span> <span class='ocrx_word' id='word_1_277' title='bbox 582 2517 789 2557; x_wconf 72' lang='grc' dir='ltr'><em>ΙῙαννυχίσνν</em></span> <span class='ocrx_word' id='word_1_278' title='bbox 813 2514 985 2562; x_wconf 60' lang='grc' dir='ltr'><em>εὑρῆσθαί</em></span> <span class='ocrx_word' id='word_1_279' title='bbox 1009 2527 1109 2555; x_wconf 66' lang='lat' dir='ltr'>quotu</span> <span class='ocrx_word' id='word_1_280' title='bbox 1134 2513 1222 2547; x_wconf 76' lang='grc' dir='ltr'><em>κατὰ</em></span> <span class='ocrx_word' id='word_1_281' title='bbox 1246 2512 1308 2557; x_wconf 68' lang='grc' dir='ltr'>τὴν</span> <span class='ocrx_word' id='word_1_282' title='bbox 1333 2516 1398 2546; x_wconf 85' lang='grc' dir='ltr'>τῶν</span> <span class='ocrx_word' id='word_1_283' title='bbox 1422 2511 1555 2545; x_wconf 60' lang='lat' dir='ltr'>iomar</span> <span class='ocrx_word' id='word_1_284' title='bbox 1578 2521 1656 2543; x_wconf 85' lang='grc' dir='ltr'><em>συν-</em></span> 
     </span>
     <span class='ocr_line' id='line_1_37' title="bbox 208 2566 1655 2621; baseline -0.004 -12"><span class='ocrx_word' id='word_1_285' title='bbox 208 2575 336 2620; x_wconf 71' lang='grc' dir='ltr'><em>η’θειαν</em></span> <span class='ocrx_word' id='word_1_286' title='bbox 369 2574 540 2621; x_wconf 68' lang='grc' dir='ltr'><em>εἰρημένον</em></span> <span class='ocrx_word' id='word_1_287' title='bbox 574 2574 749 2616; x_wconf 77' lang='grc' dir='ltr'><em>βατάνιον.</em></span> <span class='ocrx_word' id='word_1_288' title='bbox 789 2594 830 2599; x_wconf 90' lang='lat'>—</span> <span class='ocrx_word' id='word_1_289' title='bbox 881 2573 1032 2608; x_wconf 77' lang='lat' dir='ltr'>Antiatt.</span> <span class='ocrx_word' id='word_1_290' title='bbox 1070 2572 1191 2607; x_wconf 79' lang='lat' dir='ltr'>Bekk.</span> <span class='ocrx_word' id='word_1_291' title='bbox 1234 2583 1268 2616; x_wconf 87' lang='lat' dir='ltr'>p.</span> <span class='ocrx_word' id='word_1_292' title='bbox 1297 2573 1362 2614; x_wconf 73' lang='lat'>84,</span> <span class='ocrx_word' id='word_1_293' title='bbox 1397 2573 1440 2605; x_wconf 85' lang='lat'>15</span> <span class='ocrx_word' id='word_1_294' title='bbox 1490 2566 1655 2609; x_wconf 64' lang='grc' dir='ltr'><em>βατάνια,</em></span> 
     </span>
    </p>
   </div>
   <div class='ocr_carea' id='block_1_7' title="bbox 206 2623 1653 2731">
    <p class='ocr_par' dir='ltr' id='par_1_10' title="bbox 206 2623 1653 2731">
     <span class='ocr_line' id='line_1_38' title="bbox 206 2623 1653 2679; baseline -0.004 -13"><span class='ocrx_word' id='word_1_295' title='bbox 206 2632 269 2671; x_wconf 81' lang='grc' dir='ltr'>τὰς</span> <span class='ocrx_word' id='word_1_296' title='bbox 300 2633 458 2671; x_wconf 79' lang='grc' dir='ltr'><em>λοπάδας</em></span> <span class='ocrx_word' id='word_1_297' title='bbox 493 2631 535 2671; x_wconf 82' lang='grc' dir='ltr'>ὡς</span> <span class='ocrx_word' id='word_1_298' title='bbox 560 2632 800 2679; x_wconf 70' lang='grc' dir='ltr'><em>Ἀλεξανδρεῖς.</em></span> <span class='ocrx_word' id='word_1_299' title='bbox 846 2629 1048 2676; x_wconf 62' lang='grc' dir='ltr'><em>Ἀντιφάνης</em></span> <span class='ocrx_word' id='word_1_300' title='bbox 1074 2630 1216 2671; x_wconf 77' lang='grc' dir='ltr'><em>Γάμοις.</em></span> <span class='ocrx_word' id='word_1_301' title='bbox 1269 2630 1377 2664; x_wconf 80' lang='grc' dir='ltr'><em>Ρὴοί.</em></span> <span class='ocrx_word' id='word_1_302' title='bbox 1406 2623 1569 2662; x_wconf 70' lang='grc' dir='ltr'><em>γατοίνιαε</em></span> <span class='ocrx_word' id='word_1_303' title='bbox 1608 2624 1653 2658; x_wconf 71' lang='grc' dir='ltr'><em>τὰ</em></span> 
     </span>
     <span class='ocr_line' id='line_1_39' title="bbox 207 2681 1650 2731; baseline -0.002 -7"><span class='ocrx_word' id='word_1_304' title='bbox 207 2691 380 2724; x_wconf 71' lang='grc' dir='ltr'><em>ἐκπέταλα</em></span> <span class='ocrx_word' id='word_1_305' title='bbox 407 2693 462 2725; x_wconf 78' lang='grc' dir='ltr'><em>καὶ</em></span> <span class='ocrx_word' id='word_1_306' title='bbox 487 2690 532 2724; x_wconf 78' lang='grc' dir='ltr'><em>τὰ</em></span> <span class='ocrx_word' id='word_1_307' title='bbox 558 2690 830 2731; x_wconf 73' lang='grc' dir='ltr'><em>ἀναπεπταμένα</em></span> <span class='ocrx_word' id='word_1_308' title='bbox 854 2690 1029 2724; x_wconf 72' lang='grc' dir='ltr'><em>λοπάδια·</em></span> <span class='ocrx_word' id='word_1_309' title='bbox 1065 2689 1097 2724; x_wconf 79' lang='grc' dir='ltr'><em>οἷ</em></span> <span class='ocrx_word' id='word_1_310' title='bbox 1129 2691 1163 2723; x_wconf 77' lang='grc' dir='ltr'>δὲ</span> <span class='ocrx_word' id='word_1_311' title='bbox 1192 2689 1314 2722; x_wconf 77' lang='grc' dir='ltr'><em>πολλοὶ</em></span> <span class='ocrx_word' id='word_1_312' title='bbox 1339 2684 1583 2730; x_wconf 60' lang='grc' dir='ltr'><em>ὸιτύτθὲφθνσνν</em></span> <span class='ocrx_word' id='word_1_313' title='bbox 1608 2681 1650 2721; x_wconf 68' lang='grc' dir='ltr'>ὥς</span> 
     </span>
    </p>
   </div>
   <div class='ocr_carea' id='block_1_8' title="bbox 201 2747 601 2789">
    <p class='ocr_par' dir='ltr' id='par_1_11' title="bbox 201 2747 601 2789">
     <span class='ocr_line' id='line_1_40' title="bbox 201 2747 601 2789; baseline 0.003 -9"><span class='ocrx_word' id='word_1_314' title='bbox 201 2747 395 2787; x_wconf 77' lang='grc' dir='ltr'><em>Ῥωμαϊκὸν</em></span> <span class='ocrx_word' id='word_1_315' title='bbox 417 2748 458 2783; x_wconf 84' lang='grc' dir='ltr'>τὸ</span> <span class='ocrx_word' id='word_1_316' title='bbox 482 2748 601 2789; x_wconf 86' lang='grc' dir='ltr'><em>ὄνομα.</em></span> 
     </span>
    </p>
   </div>
   <div class='ocr_carea' id='block_1_9' title="bbox 1750 0 1779 3079">
    <p class='ocr_par' dir='ltr' id='par_1_12' title="bbox 1750 0 1779 3079">
     <span class='ocr_line' id='line_1_41' title="bbox 1750 0 1779 3079; baseline 0 0"><span class='ocrx_word' id='word_1_317' title='bbox 1750 0 1779 3079; x_wconf 95' lang='lat' dir='ltr'> </span> 
     </span>
    </p>
   </div>
  </div>
 </body>
</html>
