1779 3079
369 206 409 261 §.
443 207 520 253 39.
586 207 659 251 De
697 206 1031 269 conjugatione
1062 207 1110 252 in
1139 228 1199 264 μι.
1404 207 1495 255 311

61 339 307 396 ponendum
336 340 538 392 videtur).
599 340 687 381 Eae
719 340 906 392 formae,
952 358 1061 398 quae
1093 343 1426 384 contractionem
1457 344 1501 384 in

61 426 87 457 η
117 408 361 463 postulant,
406 425 460 449 ne
490 408 602 465 apud
631 407 911 449 Theocritum
942 409 1113 465 quidem
1145 426 1167 450 a
1197 410 1502 468 conjugatione

61 473 106 515 in
151 491 210 514 αω
249 475 507 528 deflectunt,
552 483 598 516 ut
639 476 739 531 ὁρῇ,
788 475 935 526 ὁρῆτε,
983 476 1056 527 ὅρη
1087 476 1196 531 XV,
1228 480 1270 519 2.
1304 479 1355 520 12
1398 486 1499 531 etc.,

60 543 194 584 multo
224 543 364 584 minus
394 543 439 583 in
469 543 590 600 puris
619 542 798 583 Doridis
840 542 1034 584 fontibus
1078 543 1164 584 vid.
1198 545 1238 597 ξ.
1271 546 1353 598 24,
1386 547 1425 587 1.
1457 547 1499 588 2.

177 609 496 662 ὁρμιόμενοι
538 610 654 651 Cret.
698 610 822 652 3048.
867 610 991 652 3049.
1033 610 1142 653 3058
1180 612 1232 651 ad
1274 613 1501 654 severioris

60 677 242 719 Doridis
284 693 474 718 normam
518 693 570 718 ex
615 677 854 729 ὁρμεόμενοι
892 678 1050 719 sactum
1088 685 1177 726 est,
1239 695 1318 720 nec
1359 680 1501 721 minus

62 744 314 798 ἀφορμιόιντι
339 745 382 785 in
401 746 617 802 Archytae
637 745 816 802 epistola
841 762 893 787 ex
916 745 1167 798 oiqoppu'ovn
1198 745 1285 787 vid.
1310 746 1350 798 ξ.
1370 747 1439 799 26,
1462 749 1499 788 l.

59 812 208 869 Itaque
241 812 450 854 Doricum
492 821 556 854 est
594 814 728 865 ὁρμέω
767 829 846 869 pro
877 813 1052 867 ὁρμάωτ,
1113 830 1207 854 nam
1238 814 1501 870 Arehyteum

58 878 194 932 illud,
242 880 312 921 eui
353 881 537 937 simplex
575 881 816 921 abeundi
857 881 976 922 notio
1016 881 1153 933 inest,
1204 881 1275 922 vix
1305 888 1420 921 reete
1451 881 1502 921 ad

57 946 277 1002 vulgarem
307 964 453 988 vocem
488 947 681 1000 ἁᾳορμὲω
714 949 742 989 ἱ.
777 964 814 989 e.
861 949 983 989 vela
1024 949 1154 989 dare
1193 947 1345 989 referri
1375 963 1503 1005 posse

58 1014 242 1055 videtur.
306 1015 506 1057 Ceterum
539 1016 582 1056 in
608 1016 820 1057 Aetolicis
851 1016 990 1057 titulis
1010 1016 1135 1058 2350.
1155 1015 1289 1069 3046,
1322 1029 1500 1071 quorum

59 1088 198 1122 tamen
232 1082 373 1123 minor
400 1083 536 1136 fides,
568 1084 795 1136 ὁρμώμενοι
824 1084 999 1139 legitur.

172 1150 365 1190 συλέων
412 1149 570 1207 Delph.
623 1151 743 1193 1609.
792 1150 914 1192 1702.
963 1152 1099 1205 1704,
1161 1152 1217 1192 ef.
1269 1149 1502 1202 συλεύμενος

56 1215 242 1257 Theoer.
274 1216 412 1269 XIX,
444 1219 482 1259 2.

173 1286 338 1336 ιιμεῖν
374 1285 418 1325 in
449 1284 634 1342 Agrig„
694 1287 899 1337 τιμοῦιντες
934 1284 979 1325 in
1018 1284 1161 1325 Rhod.
1202 1285 1331 1336 2525,
1356 1284 1398 1324 b.
1436 1284 1502 1336 10,

57 1352 344 1404 ἕπιτειμεόντες
363 1352 496 1394 Phoe.
521 1352 572 1394 81
594 1352 649 1393 R.
683 1353 740 1393 ef.
766 1353 1025 1393 Lesbiacum
1060 1352 1224 1404 ἀτίμημι
1258 1353 1368 1393 infra
1385 1351 1501 1392 Add.

56 1419 108 1461 ad
138 1409 192 1462 L.
220 1421 239 1461 I
270 1438 312 1478 p.
337 1420 406 1462 85.
467 1421 517 1461 ln
550 1420 697 1461 formis
726 1427 864 1460 tamen
896 1427 937 1461 et
966 1420 1145 1461 vocibus
1178 1419 1381 1461 derivatis
1411 1418 1504 1459 ubi-

56 1504 139 1544 que
172 1506 197 1528 α
227 1495 315 1540 est,
347 1503 431 1528 non
466 1507 512 1537 η,
548 1495 592 1528 ut
624 1488 666 1527 in
697 1487 790 1544 ipso
823 1488 949 1528 titulo
982 1487 1155 1529 Rhodio
1187 1489 1346 1540 ἐτίμασε
1377 1494 1419 1528 et
1446 1504 1506 1526 τι-

56 1556 227 1607 μαθείς,
261 1555 416 1612 Epich.
441 1556 496 1597 48
526 1563 566 1596 et
585 1556 775 1595 Achai-n.
802 1555 882 1596 725
916 1558 1198 1607 πολυτίματος.

169 1624 501 1678 ἐρευνὲοντες
532 1623 575 1662 in
607 1622 732 1663 titulo
763 1623 896 1663 malae
927 1622 1025 1663 fidei
1059 1622 1175 1663 Cret.
1209 1621 1337 1673 2554,
1367 1621 1408 1662 8.
1435 1620 1502 1663 59.

168 1691 302 1744 χρὲω
332 1698 507 1747 apparet
537 1690 581 1730 in
614 1688 800 1743 ἀποχρέω
823 1689 979 1745 Epich.
1013 1690 1091 1730 114
1122 1697 1163 1730 et
1193 1690 1505 1742 καταχρείσθων

58 1758 201 1798 Rhod.
233 1758 368 1810 2525,
393 1757 434 1797 b.
468 1756 549 1805 86,
598 1764 724 1813 atque
755 1756 904 1797 eodem
935 1757 1087 1797 referri
1116 1763 1296 1812 possunt
1327 1772 1349 1796 e
1382 1772 1505 1796 seve-

57 1825 171 1866 riore
211 1824 375 1865 Doride
415 1828 601 1878 χμῆσθάι,
640 1824 812 1863 Herael.
858 1824 923 1872 Il,
966 1824 1021 1865 (3ss
1067 1832 1108 1864 et
1147 1823 1345 1878 χρήσθων
1386 1822 1502 1863 Cret.

57 1892 195 1944 2556,
227 1893 306 1944 05,
357 1892 443 1932 vid.
477 1896 517 1943 g.
550 1891 620 1932 42.
690 1891 835 1932 Voces
874 1891 925 1931 ab
965 1893 1041 1932 hae
1071 1891 1204 1947 stirpe
1236 1891 1448 1931 derivatae
1480 1908 1503 1939 η

57 1960 304 2018 postulant,
337 1960 425 1999 vid.
458 1958 497 2011 ἕ.
536 1959 613 2009 10,
650 1959 690 1999 3.

171 2028 206 2068 Ε
251 2027 462 2068 contrario
502 2025 710 2082 quaedam
752 2025 877 2066 verba
917 2024 960 2065 in
993 2041 1043 2065 ξω
1075 2025 1126 2065 ad
1158 2024 1504 2082 conjug-ationem

59 2094 102 2134 in
137 2112 195 2134 αω
228 2095 451 2135 deflectere
483 2110 504 2134 e
535 2093 738 2134 derivatis
778 2092 1064 2150 intelligitur,
1111 2100 1156 2133 ut
1200 2091 1417 2132 ώνασεῖται
1452 2092 1504 2132 ab

62 2161 236 2212 ώυὲομαι
266 2161 353 2202 vid.
387 2162 537 2213 §.19,
571 2162 611 2202 3.
673 2161 900 2201 Postremo
931 2160 1108 2201 verbum
1140 2159 1292 2200 κοινόω
1323 2159 1376 2199 ad
1407 2175 1503 2199 eon-

55 2228 322 2285 jngationem
354 2229 397 2269 in
432 2246 489 2267 αω
522 2228 676 2268 transit
707 2229 748 2268 in
774 2227 1018 2268 Pindaricis
1048 2230 1320 2279 παρεκοινᾶτο
1353 2233 1394 2268 et
1418 2244 1505 2266 κοιΑ

64 2296 257 2342 pamm..—
286 2295 415 2351 Pyti..
449 2296 530 2347 lv,
564 2297 658 2337 115.
694 2296 772 2337 133
802 2296 888 2337 vid.
922 2296 962 2348 ξ.
997 2297 1078 2348 22,
1113 2297 1150 2336 1.

704 2405 746 2458 g,
790 2405 859 2447 39.

468 2481 546 2511 De
580 2481 936 2520 conjugatione
967 2481 1019 2510 in
1051 2492 1098 2516 m.

180 2563 219 2610 l)
275 2560 467 2601 Tertia
513 2559 828 2614 singularis
874 2557 1203 2615 praesentis
1250 2557 1292 2596 in
1344 2575 1375 2595 τι
1419 2557 1505 2597 exit

66 2645 143 2686 pro
176 2645 217 2668 σι
239 2631 299 2676 ¹),
331 2635 377 2668 ut
409 2628 543 2665 δίδωτι
574 2627 700 2667 Petil.
735 2627 784 2678 4,
821 2626 999 2681 Corcyr.
1036 2624 1158 2666 1845.
1196 2624 1325 2675 1850,
1362 2623 1501 2664 Rhod.

117 2778 149 2815 1)
199 2778 292 2809 Anu.
318 2774 411 2808 Oxx.
442 2775 477 2816 Ι,
508 2777 581 2815 117,
609 2776 651 2809 26
677 2775 722 2809 de
748 2776 847 2817 φατὶ,
872 2776 1013 2818 riona,
1042 2755 1227 2808 Heraclid.
1254 2785 1310 2818 ap.
1336 2773 1490 2807 Eustath
