1779 3079
235 166 327 216 182
766 169 839 214 De
877 167 1137 215 vocalibus.

231 312 272 346 et
304 303 580 355 θεωροὸόκος.
643 301 711 344 De
743 302 860 343 vocis
891 301 1059 360 origine
1089 300 1337 360 ambigitur.
1388 302 1681 362 Antiquorum

230 381 271 413 et
310 370 599 412 recentiorum
640 369 944 430 plerorumque
985 369 1157 426 opinio,
1203 385 1287 427 qua
1330 385 1353 410 e
1383 369 1484 419 θεός
1521 378 1563 413 et
1593 371 1682 425 ὥρα

231 439 515 497 compositum
547 445 743 496 putatur,
774 446 950 497 propter
979 437 1116 495 ipsam
1142 437 1346 479 Doricam
1375 438 1554 480 formam
1584 455 1680 497 pro-

230 506 322 548 bari
353 506 529 564 nequit,
577 506 790 564 quomodo
831 505 944 547 enim
985 523 1009 545 α
1049 505 1161 547 illud
1201 505 1517 563 explicaretur?
1589 506 1681 548 Nec

230 574 368 632 magis
399 582 513 616 recte
541 573 616 615 alii
657 590 679 615 a
721 571 902 627 θεάομαι
944 572 1136 616 derivare
1175 572 1397 629 videntur,
1440 581 1531 616 tum
1566 574 1683 616 enim
1723 608 1725 610 .

230 642 343 700 apud
374 641 613 684 Dorienses
641 639 815 695 θαωρός
847 649 1018 683 sonaret
1055 641 1142 683 vid.
1176 641 1217 695 ἓ.
1253 641 1329 695 19,
1362 640 1388 683 6
1417 658 1451 683 s.
1484 643 1679 696 θαέομαι.

344 706 464 759 ἇτα,
498 705 603 749 ὦτα·
648 710 889 763 Ταραντῖνοι
912 708 1103 765 Hcsych.
1137 709 1260 751 valde
1292 709 1470 751 dubium
1495 710 1680 765 videtur,

229 778 316 819 vid.
348 777 388 830 ξ.
423 777 491 818 31.
575 788 588 803 ⁹

344 844 524 896 ὁπάρα
554 842 622 884 vel
651 841 795 899 potius
827 841 966 895 ὁπάρα
996 859 1074 900 pro
1107 843 1250 899 ὀπώρα
1285 853 1349 887 est
1377 845 1490 903 apud
1508 845 1681 886 Alcma-

228 929 326 955 ncm
357 913 411 953 fr.
448 911 500 953 59
531 911 620 961 (24)
654 910 698 950 in
734 909 859 951 libris
888 909 1103 952 Athenaei
1134 910 1212 965 (A.
1246 929 1302 966 χῳ
1332 929 1414 966 παρ
1446 930 1517 962 αν,
1549 912 1601 954 Β.
1622 930 1681 967 χω

230 998 367 1033 παραυ
397 979 427 1020 i.
460 994 498 1020 e.
535 980 605 1019 καὶ
636 976 844 1032 ὀπώραν),
878 977 1059 1019 fortasse
1088 987 1225 1032 recte,
1267 995 1509 1036 quanquam
1541 979 1593 1020 fr.
1626 979 1683 1022 60

229 1047 323 1102 (28)
358 1054 422 1088 est
454 1048 627 1100 κηρίναν
659 1044 841 1101 ὀπώραν.
902 1044 971 1086 De
1001 1045 1121 1088 vocis
1152 1053 1293 1104 etymo
1323 1062 1471 1104 parum
1499 1053 1679 1088 constat.

344 1113 701 1161 κοινάσαντες
743 1129 822 1172 pro
866 1112 1136 1162 κοινώσαντες
1174 1114 1303 1156 Pind.
1351 1114 1402 1156 Ρ.
1447 1113 1538 1168 IV,
1582 1114 1679 1166 115,

228 1183 281 1224 cf.
315 1184 587 1236 παρεκοινᾶτο
620 1180 729 1222 ibid.
765 1181 844 1222 133
874 1179 1021 1238 paullo
1052 1181 1264 1224 diversam
1294 1182 1504 1224 rationem
1535 1181 1680 1240 sequi-

227 1256 322 1302 tur,
372 1249 534 1306 quippe
564 1248 681 1306 quod
713 1247 930 1289 derivetur
961 1265 983 1290 a
1014 1249 1167 1291 κοινάω
1207 1265 1284 1307 pro
1324 1248 1499 1299 κοινόω,
1545 1257 1591 1291 ut
1633 1249 1679 1290 in

227 1317 529 1374 Lampsaceno
560 1316 686 1358 titulo
717 1316 924 1358 Aeolicae
953 1316 1127 1359 dialecti
1158 1325 1223 1359 est
1255 1317 1436 1368 ἁξιάσει,
1471 1317 1558 1359 vid.
1584 1317 1638 1359 L.
1659 1317 1679 1358 I

229 1389 266 1437 ξ.
303 1384 382 1436 15,
417 1384 455 1425 1.

339 1451 648 1504 πολύφανος
677 1451 820 1492 Alcm.
856 1451 909 1492 14
939 1452 1028 1504 (25)
1059 1468 1135 1509 pro
1165 1452 1407 1506 πολύᾳωνος
1436 1452 1507 1494 vix
1537 1453 1678 1495 incor-

227 1527 398 1578 ruptum
429 1527 508 1560 est.
579 1519 727 1562 Placet
756 1518 935 1577 Bergkii
979 1520 1222 1563 emendatio
1265 1520 1542 1575 πολύφωνος,
1587 1520 1674 1562 vid.

224 1589 265 1642 ξ.
301 1587 380 1640 10,
415 1587 454 1629 3.

336 1658 533 1707 θᾶκος,
566 1656 682 1712 quod
702 1655 995 1698 Doriensibus
1026 1671 1122 1697 cum
1142 1656 1304 1698 Atticis
1335 1671 1559 1697 commune
1583 1671 1678 1697 esse

224 1722 442 1782 putaveris
485 1738 563 1779 pro
605 1725 727 1780 epico
757 1727 901 1772 θῶκος
943 1724 1020 1774 (cs.
1054 1723 1246 1777 θάβακος
1285 1724 1325 1777 ξ.
1363 1723 1417 1776 5,
1451 1723 1521 1777 5),
1563 1724 1677 1782 apud

222 1791 478 1833 Alcmancm
508 1790 671 1847 legitur
700 1791 753 1831 fr.
786 1790 840 1834 68
872 1790 991 1847 (53),
1043 1792 1118 1833 sed
1148 1793 1320 1833 θωκεῖτε
1351 1791 1507 1849 Sophr.
1540 1793 1591 1833 41
1635 1798 1677 1833 et

226 1859 439 1899 σύνθωκοι
469 1856 626 1914 Sophr.
660 1874 728 1915 ap.
760 1858 874 1900 Poll.
905 1859 973 1912 X,
1005 1860 1057 1914 5²>
1091 1876 1177 1917 quo
1204 1860 1328 1915 jure,
1362 1859 1478 1900 latet.

334 1929 638 1979 θάχμῆναι,
684 1929 991 1980 θωρηχθῆναι·
1037 1928 1219 1977 Δωριεῖς
1261 1926 1451 1982 Hesycli.
1529 1926 1673 1968 Corri-

223 1999 331 2050 gunt
361 1995 601 2045 θαχθῆναι,
643 1993 759 2050 quod
789 1994 933 2035 verius
962 1992 1123 2034 Dorice
1153 1996 1370 2047 θαχθῆμεν
1401 2008 1497 2034 esse
1529 1993 1670 2036 debet.

221 2060 316 2102 Jam
350 2059 386 2100 si
418 2073 636 2114 compares
667 2059 834 2115 glossas
867 2062 1053 2109 θᾶξαι,
1097 2059 1276 2111 μεθύσαι
1319 2085 1367 2091 —
1414 2063 1674 2115 τεθαγμέ-

223 2146 276 2169 νο
294 2146 330 2177 ι,
381 2126 675 2179 μεμεθυσμένοι
718 2153 770 2158 —
818 2128 1059 2176 τείἿ-αξαι,
1105 2128 1333 2179 μεμέθιπαι
1370 2136 1411 2170 ct
1450 2144 1501 2170 ex
1540 2130 1672 2171 altera

222 2202 340 2253 parte
372 2197 564 2242 θῶξαι,
610 2194 791 2244 μεθύσαι
835 2222 886 2226 -
933 2197 1188 2249 θωχθθίς,
1235 2198 1499 2250 &tows-2053,
1546 2204 1671 2249 μεθυ-

225 2265 364 2310 σθὲίς·
411 2264 632 2314 Σοᾳοκλῆς
662 2265 926 2314 deora-ocum?
971 2263 1026 2302 cs.
1062 2263 1189 2304 Phot.
1225 2265 1486 2317 θωχθείς,
1530 2270 1670 2317 θωρα-

222 2333 338 2386 χθέίς
368 2357 420 2361 —-
453 2330 808 2381 τεθωγμι-ἰιοι,
843 2331 1162 2381 μεμιεθυσμιι-ἐυι,
1195 2339 1396 2388 apparet,
1431 2331 1668 2374 Dorienses

223 2398 362 2440 rarius
402 2396 575 2437 verbum
616 2399 750 2444 θῶξαι
794 2397 821 2436 i.
864 2413 900 2436 c.
947 2401 1165 2450 ι’)ωρῆξαι,
1213 2398 1390 2449 μεθύσαι
1445 2398 1534 2452 (cui
1571 2415 1667 2440 cum

223 2465 385 2507 Dorico
423 2467 622 2511 θῶσθαι,
669 2463 721 2504 (le
752 2480 838 2522 quo
869 2463 954 2504 vid.
989 2465 1028 2517 ξ.
1062 2467 1140 2519 42,
1187 2466 1297 2508 nihil
1329 2481 1551 2508 commune
1582 2465 1666 2520 est)

223 2548 298 2590 per
330 2535 353 2572 ἄ
382 2531 630 2590 protulisse.

335 2596 499 2649 τιμάν,
547 2597 660 2656 quod
707 2598 948 2656 frequentat
987 2599 1278 2653 Theocritus,
1326 2616 1409 2642 non
1454 2600 1594 2641 minus
1642 2619 1667 2641 α

224 2683 300 2725 pro
334 2683 363 2705 ω
397 2665 551 2717 habet,
601 2665 637 2706 si
677 2680 898 2722 comparas
942 2670 1077 2719 ημῶν,
1125 2684 1209 2725 quo
1242 2667 1532 2709 Callimachus
1564 2683 1666 2709 usus

224 2742 288 2776 est
319 2732 603 2775 s,.,3413„„t1‚
639 2738 743 2773 teste
778 2732 936 2783 Suida,
969 2734 1044 2790 qui
1076 2751 1205 2791 quum
1238 2738 1350 2787 7190311
1382 2738 1668 2789 περισπᾶσθαι
