1779 3079
494 198 535 259 ὗ.
573 201 618 250 3.
689 201 764 247 De
799 208 1014 248 accentu.
1419 196 1486 246 27

35 334 244 395 pertinet,
291 336 407 394 quod
446 335 738 394 monosyllaba
776 335 889 393 apud
917 335 1059 378 Dores
1098 342 1282 394 oxytona
1310 342 1412 377 sunt
1431 336 1485 389 ¹¹),

36 420 146 462 quae
175 404 289 463 apud
317 404 499 447 Lesbios
526 405 827 462 perispomena
854 403 940 445 vid.
973 403 1026 445 L.
1058 404 1079 444 Ι
1108 406 1148 458 ξ.
1183 405 1232 457 3,
1263 404 1316 459 2,
1355 403 1486 460 vulgo

35 471 106 515 vel
134 480 320 530 oxytona
346 473 415 515 vel
443 472 770 529 perispomena3
801 471 944 512 Dores
974 470 1108 527 igitur
1137 471 1367 512 secundam
1393 471 1486 513 lon-

36 554 115 596 gae
153 541 314 583 vocalis
353 540 423 583 vel
460 539 718 596 diphthongi
754 546 919 596 partem
960 546 1139 579 accentu
1179 540 1411 581 efferebant
1441 545 1488 580 ut

33 608 196 650 Aeoles
227 608 427 666 priorem.
486 607 697 665 Exemplo
727 613 829 648 sunt
859 605 971 659 σκώρ
993 608 1029 659 5)
1058 621 1136 662 pro
1166 605 1334 663 vulgari
1354 610 1485 660 σκῶρ,

36 675 154 733 quod
183 676 310 717 etiam
337 675 451 732 apud
479 675 633 732 Epieh.
666 676 722 718 24
749 674 795 715 in
825 674 1013 732 antiquis
1042 674 1259 716 Athenaei
1290 674 1487 715 editioni-

34 743 116 785 bus
145 750 260 786 recte
289 750 413 785 acuto
443 750 638 784 ornatum
668 750 750 796 est,
782 749 824 785 et
851 743 974 797 γλαὺξ
1004 759 1082 800 pro
1110 743 1259 784 Attico
1290 745 1413 796 γλαῦξ
1433 745 1485 793 ⁵).

36 810 292 868 Quanquam
321 811 533 853 Doricum
571 814 657 864 βῶς
694 827 772 869 pro
810 814 911 864 βοῦς
947 814 1237 867 περισπᾶσθαι
1275 811 1412 852 fertur
1433 812 1485 861 ⁶).

32 903 88 910 -
143 878 288 921 Pauca
326 879 533 937 quaedam
573 878 687 936 apud
717 879 956 921 Dorienses
985 879 1192 936 barytona
1221 894 1315 920 esse
1344 877 1487 936 perhi-

31 945 215 1002 bentur,
272 963 380 1005 quae
419 946 548 1003 vulgo
586 953 806 988 accentum
845 946 891 987 in
930 947 1080 989 ultima
1110 947 1291 988 liabent:
1353 944 1489 999 φάλης

32 1029 112 1072 pro
153 1017 288 1067 φαλῆς
333 1014 497 1056 Scholl.
542 1013 681 1056 Arist.
712 1014 826 1056 Aeh.
860 1015 944 1058 26⁴2
988 1022 1030 1057 et
1068 1016 1212 1070 βίσχυν
1248 1029 1328 1073 pro
1372 1013 1487 1070 ἰσχὺν

33 1082 120 1124 vid.
153 1082 195 1136 ξ.
228 1083 252 1126 5
292 1089 382 1123 not.
418 1083 485 1124 17.

146 1152 191 1202 2)
249 1149 420 1192 Deinde
449 1150 591 1191 Dores
621 1149 782 1207 ubique
814 1149 1093 1208 diphthongis
1125 1168 1168 1191 αι
1199 1157 1241 1192 et
1271 1168 1311 1192 οι
1339 1166 1488 1193 vocem

33 1217 332 1260 claudentibus
372 1224 419 1258 ut
459 1217 640 1275 reliquis
681 1217 960 1276 diphthongis
1002 1227 1044 1260 et
1085 1218 1306 1260 vocalibus
1344 1218 1490 1276 longis

33 1302 126 1328 eam
154 1285 240 1329 vim
270 1285 473 1327 tribuisse
501 1285 703 1327 videntur
721 1317 734 1340 9
784 1292 832 1327 ut
861 1293 1031 1328 acutum
1060 1286 1106 1327 in
1135 1287 1490 1344 antepenultima,

33 1353 356 1396 circumflexum
385 1353 431 1395 in
471 1353 707 1411 penultima
745 1353 850 1411 poni
885 1361 1091 1396 vetarent.
1163 1354 1226 1396 Ea
1266 1355 1382 1414 enim
1420 1354 1491 1397 lex

34 1437 123 1463 non
160 1421 300 1463 solum
336 1422 504 1465 valebat
542 1422 588 1463 in
633 1421 935 1464 declinationis
971 1422 1184 1464 secundae
1227 1423 1491 1466 nominativo

33 1489 214 1549 pluralis
237 1493 300 1546 7),
353 1496 401 1532 ut
441 1489 623 1545 ἁγγέλοι,
673 1489 921 1543 ἀνθρώπω,
966 1490 1233 1544 τυπτομένοι,
1292 1491 1407 1534 unde
1445 1491 1491 1533 in

35 1675 72 1701 et
91 1664 190 1699 Ἰάων
214 1675 399 1702 contracta
425 1680 505 1703 esse
531 1676 682 1704 constat.
743 1669 826 1703 Non
862 1675 962 1702 recte
996 1667 1196 1703 Bekkerus
1231 1669 1327 1714 apud
1364 1671 1490 1717 Apoll.

38 1724 86 1758 de
111 1725 194 1758 adv,
222 1736 256 1769 p.
282 1727 369 1768 570,
400 1729 441 1761 10
464 1730 624 1770 μεγιστᾶν
650 1733 686 1762 et
712 1728 813 1765 ξυνᾶν
834 1726 998 1771 scripsit.
1062 1726 1199 1761 Confer
1231 1728 1278 1762 de
1311 1729 1378 1763 hac
1404 1737 1502 1764 con-'

38 1782 220 1817 tractione
244 1784 271 1824 ξ.
299 1783 353 1816 24.

83 1842 121 1883 4)
169 1841 202 1875 J.
230 1840 295 1876 Gr.
322 1841 408 1882 243,
435 1851 477 1883 a,
513 1841 665 1877 Meerm.
692 1844 771 1877 657.
804 1841 848 1875 τὰ
874 1843 1117 1886 μονι)σι”λλαβα
1142 1842 1294 1884 ὀνόματα
1325 1846 1494 1888 (Meerm.

39 1897 193 1944 ῥήματα)
217 1900 460 1942 βαρυτονοῦσι.
511 1899 776 1946 Μοηος)·1131)3
803 1901 984 1946 barytona
1010 1910 1092 1936 sunt
1119 1912 1242 1945 mona,
1273 1903 1345 1937 vid.
1366 1904 1493 1948 Apoll.

41 1956 89 1990 de
115 1958 239 2001 pnffl,
256 1957 300 1998 B,
327 1956 424 1990 unde
450 1967 521 1989 non
549 1966 647 1991 recte
674 1957 744 1991 ista
774 1959 939 2004 praecipi
971 1966 1006 1994 et
1031 1960 1290 2004 corrigendum
1316 1972 1394 1996 esse
1419 1961 1492 2000 ὀξυ·

39 2016 176 2047 τονοῦσι
197 2016 270 2057 jam
296 2025 390 2047 nunc
411 2014 606 2058 probabile
632 2015 797 2058 videtur,
824 2017 909 2050 infr.
937 2029 992 2052 nr.
1014 2021 1035 2053 9
1059 2019 1263 2053 certissime
1288 2020 1495 2065 apparebit.

87 2074 120 2109 5)
168 2072 299 2106 Joann.
317 2072 375 2105 Al.
395 2075 428 2114 7,
454 2074 497 2107 20
525 2075 631 2118 σκῶρ·
655 2075 759 2107 τοῦτο
785 2075 819 2107 δὲ
843 2075 925 2114 φασὶ
948 2076 1086 2121 Δωριεῖς
1112 2075 1245 2114 &Edi-nv.
1274 2098 1310 2104 --
1352 2077 1492 2114 Scholl.

42 2129 156 2164 Arist.
180 2129 294 2173 Vesp-
323 2131 408 2164 1081
438 2128 478 2163 τὸ
501 2132 608 2172 γλαῦξ
632 2130 757 2171 ὄνομα,
783 2130 973 2178 Εὖφρόιίὀς
998 2145 1113 2177 φησιν,
1138 2132 1289 2169 Ἀττικοὶ
1311 2136 1371 2175 μὲν
1393 2148 1494 2182 περι-

42 2189 189 2226 σπῶσιν,
214 2185 246 2219 οἱ
270 2187 304 2219 δὲ
328 2188 470 2233 Δωριεῖς
492 2186 680 2228 ὀξύνουσυν,
708 2189 754 2222 cs.
782 2189 952 2224 Eustath.
983 2193 1089 2234 1451,
1116 2193 1171 2227 64.

90 2258 127 2298 6)
176 2255 314 2288 Arcad.
343 2255 428 2297 126,
457 2257 512 2290 24.
566 2256 618 2289 Τὰ
650 2256 693 2295 εἰς
722 2249 767 2296 (ῖς
801 2256 959 2304 ἀρσενικὰ
991 2260 1234 2303 μονοσύλλαβα
1268 2260 1492 2307 περιττοσύλ-

45 2314 139 2356 λαβα
163 2311 337 2351 ὀξύνεται,
377 2311 488 2358 Τρὼς,
522 2313 610 2355 θὼς,
650 2314 742 2353 πλώς
768 2315 873 2356 ἰχθύς
896 2329 955 2354 τις.
1002 2317 1042 2351 τὸ
1067 2319 1180 2358 μέντοι
1206 2317 1293 2351 κατὰ
1318 2319 1494 2354 διάλεκτον

43 2373 156 2418 τροπῇ
179 2369 349 2413 γινόμενον
372 2373 438 2411 βῶς
461 2369 532 2405 ἀπὸ
554 2374 617 2404 τοῦ
640 2375 722 2414 βοῦς
747 2373 825 2415 βοός
850 2378 1072 2421 πέρισπᾶται.
1124 2376 1216 2409 Inde
1242 2376 1408 2420 corrigas
1431 2378 1491 2411 Et.

46 2439 97 2474 Μ.
126 2442 205 2482 277,
231 2440 274 2473 20
310 2437 355 2472 τὰ
383 2438 425 2476 εἷς
446 2431 491 2477 οῖς
515 2439 663 2484 λήγοντα
685 2442 928 2485 μονοσύλλαβα
953 2443 1112 2490 ἀρσενικὰ
1137 2443 1310 2485 ὀξύνεται,
1337 2444 1365 2477 εἰ
1387 2444 1432 2488 μὴ
1458 2446 1492 2479 ἐκ

47 2499 252 2541 συναλοιφῆς
285 2498 334 2541 εἴη
368 2494 410 2533 ὡς
440 2497 515 2534 σόος
539 2500 620 2539 σῶς,
656 2497 680 2542 ἢ
704 2499 737 2531 ἐκ
761 2502 987 2541 μεταθέσεως,
1026 2501 1049 2547 ἢ
1074 2503 1180 2545 (del.)
1212 2500 1266 2535 ὅτι
1298 2501 1329 2535 οἱ
1352 2504 1491 2548 Λωριξΐς

46 2555 103 2588 καὶ
126 2555 159 2589 οἱ
175 2555 284 2592 Ἴωνες
307 2553 348 2588 τὸ
373 2551 420 2591 οἷς
446 2552 486 2592 ὣς
511 2556 665 2597 λέγουσι,
699 2556 770 2599 leg.
795 2556 836 2592 τὸ
857 2561 940 2600 βοῦς
963 2563 1048 2601 βῶς,
1081 2559 1179 2602 quod
1205 2567 1358 2603 propter
1382 2560 1488 2595 Hom.

47 2612 92 2646 ll.
127 2628 166 2657 η,
191 2614 257 2648 ’238
293 2612 458 2646 Ionicum
495 2620 654 2646 vocatur.
721 2614 804 2647 Non
832 2624 931 2650 recte
957 2617 1171 2651 Lobeckius
1203 2617 1340 2650 Parall.
1380 2628 1416 2662 p.
1444 2620 1489 2653 86

48 2670 255 2715 Sylburgio
279 2668 320 2704 τὸ
345 2669 402 2708 οὖς
427 2669 467 2708 ὥς
490 2670 691 2713 corrigenti
717 2672 894 2707 calculum
920 2675 1046 2718 addit,
1074 2685 1184 2717 quum
1209 2674 1287 2707 sola
1313 2685 1486 2710 mascu-

46 2727 147 2761 lina
171 2735 394 2772 spectentur.

93 2786 127 2828 7)
173 2786 207 2819 J.
237 2786 301 2820 Gr.
329 2787 416 2828 243,
443 2797 473 2820 a.
521 2784 564 2819 τὰ
589 2784 632 2824 εἷς
659 2776 698 2821 οἵ
723 2786 873 2831 λήγοντα
895 2787 1115 2833 πληθυντικὰ
1138 2787 1291 2830 ὀνόματα
1313 2790 1402 2824 κατὰ
1423 2791 1488 2837 τὴν
