<?xml version="1.0" encoding="UTF-8"?>
<!DOCTYPE html PUBLIC "-//W3C//DTD XHTML 1.0 Transitional//EN"
    "http://www.w3.org/TR/xhtml1/DTD/xhtml1-transitional.dtd">
<html xmlns="http://www.w3.org/1999/xhtml" xml:lang="en" lang="en">
 <head>
  <title>
</title>
<meta http-equiv="Content-Type" content="text/html;charset=utf-8" />
  <meta name='ocr-system' content='tesseract 3.04.00' />
  <meta name='ocr-capabilities' content='ocr_page ocr_carea ocr_par ocr_line ocrx_word'/>
</head>
<body>
  <div class='ocr_page' id='page_1' title='image "./degraecaelinguae01ahreuoft_0479.png"; bbox 0 0 1779 3079; ppageno 0'>
   <div class='ocr_carea' id='block_1_1' title="bbox 0 870 10 1736">
    <p class='ocr_par' dir='ltr' id='par_1_1' title="bbox 0 870 10 1736">
     <span class='ocr_line' id='line_1_1' title="bbox 0 870 10 1736; baseline 0 0"><span class='ocrx_word' id='word_1_1' title='bbox 0 870 10 1736; x_wconf 95' lang='lat' dir='ltr'><strong> </strong></span> 
     </span>
    </p>
   </div>
   <div class='ocr_carea' id='block_1_2' title="bbox 322 200 1504 266">
    <p class='ocr_par' dir='ltr' id='par_1_2' title="bbox 322 200 1504 266">
     <span class='ocr_line' id='line_1_2' title="bbox 322 200 1504 266; baseline -0.002 -15"><span class='ocrx_word' id='word_1_2' title='bbox 322 202 363 262; x_wconf 81' lang='lat'><strong>§.</strong></span> <span class='ocrx_word' id='word_1_3' title='bbox 392 205 474 253; x_wconf 85' lang='lat'><strong>20.</strong></span> <span class='ocrx_word' id='word_1_4' title='bbox 546 205 619 252; x_wconf 87' lang='lat' dir='ltr'><strong>De</strong></span> <span class='ocrx_word' id='word_1_5' title='bbox 652 224 680 260; x_wconf 79' lang='grc' dir='ltr'>η</span> <span class='ocrx_word' id='word_1_6' title='bbox 714 218 801 266; x_wconf 83' lang='lat' dir='ltr'><strong>pro</strong></span> <span class='ocrx_word' id='word_1_7' title='bbox 831 222 866 248; x_wconf 72' lang='grc' dir='ltr'><strong>ει</strong></span> <span class='ocrx_word' id='word_1_8' title='bbox 900 211 946 249; x_wconf 90' lang='lat' dir='ltr'><strong>et</strong></span> <span class='ocrx_word' id='word_1_9' title='bbox 977 222 1008 247; x_wconf 92' lang='grc' dir='ltr'><strong>ω</strong></span> <span class='ocrx_word' id='word_1_10' title='bbox 1044 218 1130 265; x_wconf 79' lang='lat' dir='ltr'><strong>pro</strong></span> <span class='ocrx_word' id='word_1_11' title='bbox 1165 220 1229 248; x_wconf 83' lang='grc' dir='ltr'><strong>ου,</strong></span> <span class='ocrx_word' id='word_1_12' title='bbox 1412 200 1504 249; x_wconf 88' lang='grc'><strong>155</strong></span> 
     </span>
    </p>
   </div>
   <div class='ocr_carea' id='block_1_3' title="bbox 0 336 1527 2292">
    <p class='ocr_par' dir='ltr' id='par_1_3' title="bbox 0 336 1519 1479">
     <span class='ocr_line' id='line_1_3' title="bbox 62 336 1506 398; baseline -0.004 -14"><span class='ocrx_word' id='word_1_13' title='bbox 62 341 209 384; x_wconf 83' lang='lat' dir='ltr'><strong>buitur</strong></span> <span class='ocrx_word' id='word_1_14' title='bbox 228 344 290 398; x_wconf 75' lang='lat'><strong>3)3</strong></span> <span class='ocrx_word' id='word_1_15' title='bbox 321 342 423 384; x_wconf 91' lang='lat' dir='ltr'><strong>item</strong></span> <span class='ocrx_word' id='word_1_16' title='bbox 453 339 682 384; x_wconf 89' lang='lat' dir='ltr'><strong>severioris</strong></span> <span class='ocrx_word' id='word_1_17' title='bbox 702 336 881 380; x_wconf 82' lang='lat' dir='ltr'>Doridis</span> <span class='ocrx_word' id='word_1_18' title='bbox 911 345 1010 379; x_wconf 92' lang='lat' dir='ltr'><strong>sunt</strong></span> <span class='ocrx_word' id='word_1_19' title='bbox 1033 336 1304 396; x_wconf 81' lang='lat' dir='ltr'>participium</span> <span class='ocrx_word' id='word_1_20' title='bbox 1332 342 1506 378; x_wconf 82' lang='grc' dir='ltr'><strong><em>καταλυ-</em></strong></span> 
     </span>
     <span class='ocr_line' id='line_1_4' title="bbox 22 405 1505 464; baseline -0.002 -14"><span class='ocrx_word' id='word_1_21' title='bbox 22 428 23 431; x_wconf 58' lang='grc'>’</span> <span class='ocrx_word' id='word_1_22' title='bbox 63 408 265 463; x_wconf 77' lang='grc' dir='ltr'><em>μακωθής</em></span> <span class='ocrx_word' id='word_1_23' title='bbox 294 410 469 451; x_wconf 88' lang='lat' dir='ltr'><strong>Heracl.</strong></span> <span class='ocrx_word' id='word_1_24' title='bbox 500 409 539 462; x_wconf 89' lang='grc' dir='ltr'><strong>Ι,</strong></span> <span class='ocrx_word' id='word_1_25' title='bbox 565 409 592 451; x_wconf 88' lang='grc'>8</span> <span class='ocrx_word' id='word_1_26' title='bbox 616 422 693 464; x_wconf 91' lang='lat' dir='ltr'><strong>pro</strong></span> <span class='ocrx_word' id='word_1_27' title='bbox 724 406 1084 456; x_wconf 73' lang='grc' dir='ltr'><em>καταλυμακωθείς</em></span> <span class='ocrx_word' id='word_1_28' title='bbox 1114 413 1156 447; x_wconf 92' lang='lat' dir='ltr'><strong>et</strong></span> <span class='ocrx_word' id='word_1_29' title='bbox 1183 405 1420 461; x_wconf 89' lang='lat' dir='ltr'><strong>adjectiva,</strong></span> <span class='ocrx_word' id='word_1_30' title='bbox 1454 405 1505 447; x_wconf 90' lang='lat' dir='ltr'><strong>de</strong></span> 
     </span>
     <span class='ocr_line' id='line_1_5' title="bbox 65 473 1508 536; baseline -0.003 -17"><span class='ocrx_word' id='word_1_31' title='bbox 65 477 223 536; x_wconf 87' lang='lat' dir='ltr'><strong>quibus</strong></span> <span class='ocrx_word' id='word_1_32' title='bbox 248 476 512 534; x_wconf 80' lang='lat' dir='ltr'>grammatici</span> <span class='ocrx_word' id='word_1_33' title='bbox 533 475 679 517; x_wconf 90' lang='lat' dir='ltr'><strong>minus</strong></span> <span class='ocrx_word' id='word_1_34' title='bbox 704 473 877 532; x_wconf 90' lang='lat' dir='ltr'><strong>quidem</strong></span> <span class='ocrx_word' id='word_1_35' title='bbox 900 479 1094 514; x_wconf 89' lang='lat' dir='ltr'><strong>accurate</strong></span> <span class='ocrx_word' id='word_1_36' title='bbox 1116 480 1326 514; x_wconf 84' lang='lat' dir='ltr'><strong>testantur</strong></span> <span class='ocrx_word' id='word_1_37' title='bbox 1344 473 1399 527; x_wconf 84' lang='lat'><strong>3),</strong></span> <span class='ocrx_word' id='word_1_38' title='bbox 1433 490 1508 528; x_wconf 84' lang='grc' dir='ltr'><strong>χα-</strong></span> 
     </span>
     <span class='ocr_line' id='line_1_6' title="bbox 65 539 1510 599; baseline -0.002 -14"><span class='ocrx_word' id='word_1_39' title='bbox 65 547 173 599; x_wconf 78' lang='grc' dir='ltr'>ρίης,</span> <span class='ocrx_word' id='word_1_40' title='bbox 205 544 418 599; x_wconf 75' lang='grc' dir='ltr'>ἀστερόης,</span> <span class='ocrx_word' id='word_1_41' title='bbox 445 541 657 596; x_wconf 72' lang='grc' dir='ltr'><em>αἱματόης.</em></span> <span class='ocrx_word' id='word_1_42' title='bbox 688 541 854 583; x_wconf 89' lang='lat' dir='ltr'><strong>Eodem</strong></span> <span class='ocrx_word' id='word_1_43' title='bbox 872 540 1058 597; x_wconf 83' lang='lat' dir='ltr'><strong>pertinet</strong></span> <span class='ocrx_word' id='word_1_44' title='bbox 1071 539 1288 582; x_wconf 88' lang='lat' dir='ltr'><strong>Laconica</strong></span> <span class='ocrx_word' id='word_1_45' title='bbox 1306 541 1510 582; x_wconf 85' lang='lat' dir='ltr'><strong>Aescula-</strong></span> 
     </span>
     <span class='ocr_line' id='line_1_7' title="bbox 65 606 1507 670; baseline -0.004 -15"><span class='ocrx_word' id='word_1_46' title='bbox 65 613 130 670; x_wconf 85' lang='lat' dir='ltr'><strong>pii</strong></span> <span class='ocrx_word' id='word_1_47' title='bbox 159 613 389 670; x_wconf 79' lang='lat' dir='ltr'><strong>appellatio</strong></span> <span class='ocrx_word' id='word_1_48' title='bbox 419 609 608 664; x_wconf 74' lang='grc' dir='ltr'><strong>Αἰγλάηρ</strong></span> <span class='ocrx_word' id='word_1_49' title='bbox 637 609 726 652; x_wconf 84' lang='lat' dir='ltr'><strong>vid.</strong></span> <span class='ocrx_word' id='word_1_50' title='bbox 759 609 798 662; x_wconf 67' lang='grc' dir='ltr'><strong>ξ.</strong></span> <span class='ocrx_word' id='word_1_51' title='bbox 828 609 870 662; x_wconf 84' lang='grc'><strong>8,</strong></span> <span class='ocrx_word' id='word_1_52' title='bbox 905 609 932 651; x_wconf 97' lang='grc'>2</span> <span class='ocrx_word' id='word_1_53' title='bbox 961 608 990 651; x_wconf 86' lang='lat' dir='ltr'><strong>i.</strong></span> <span class='ocrx_word' id='word_1_54' title='bbox 1016 623 1054 649; x_wconf 91' lang='lat' dir='ltr'><strong>e.</strong></span> <span class='ocrx_word' id='word_1_55' title='bbox 1092 606 1283 660; x_wconf 73' lang='grc' dir='ltr'><strong>αῖγλάης,</strong></span> <span class='ocrx_word' id='word_1_56' title='bbox 1317 608 1507 661; x_wconf 72' lang='grc' dir='ltr'><em>αἰγλήεις.</em></span> 
     </span>
     <span class='ocr_line' id='line_1_8' title="bbox 66 675 1511 733; baseline -0.003 -11"><span class='ocrx_word' id='word_1_57' title='bbox 66 680 160 722; x_wconf 78' lang='lat' dir='ltr'><strong>Nee</strong></span> <span class='ocrx_word' id='word_1_58' title='bbox 179 682 267 721; x_wconf 77' lang='lat' dir='ltr'><strong>fere</strong></span> <span class='ocrx_word' id='word_1_59' title='bbox 288 680 428 721; x_wconf 87' lang='lat' dir='ltr'><strong>aliena</strong></span> <span class='ocrx_word' id='word_1_60' title='bbox 450 687 549 720; x_wconf 89' lang='lat' dir='ltr'><strong>sunt</strong></span> <span class='ocrx_word' id='word_1_61' title='bbox 575 678 706 732; x_wconf 76' lang='grc' dir='ltr'><em>ἅρσης</em></span> <span class='ocrx_word' id='word_1_62' title='bbox 722 676 882 719; x_wconf 89' lang='lat' dir='ltr'><strong>Lacon.</strong></span> <span class='ocrx_word' id='word_1_63' title='bbox 906 676 1013 719; x_wconf 86' lang='grc'>1464</span> <span class='ocrx_word' id='word_1_64' title='bbox 1033 691 1110 733; x_wconf 87' lang='lat' dir='ltr'><strong>pro</strong></span> <span class='ocrx_word' id='word_1_65' title='bbox 1129 675 1275 730; x_wconf 75' lang='grc' dir='ltr'>ἅρσην,</span> <span class='ocrx_word' id='word_1_66' title='bbox 1299 692 1408 733; x_wconf 86' lang='lat' dir='ltr'><strong>quae</strong></span> <span class='ocrx_word' id='word_1_67' title='bbox 1429 693 1511 718; x_wconf 82' lang='lat' dir='ltr'><strong>vox</strong></span> 
     </span>
     <span class='ocr_line' id='line_1_9' title="bbox 67 743 1510 804; baseline -0.003 -15"><span class='ocrx_word' id='word_1_68' title='bbox 67 755 284 804; x_wconf 89' lang='lat' dir='ltr'><strong>assumpto</strong></span> <span class='ocrx_word' id='word_1_69' title='bbox 320 764 339 795; x_wconf 88' lang='grc' dir='ltr'><strong><em>ς</em></strong></span> <span class='ocrx_word' id='word_1_70' title='bbox 371 747 501 804; x_wconf 77' lang='lat' dir='ltr'><strong>vulg-o</strong></span> <span class='ocrx_word' id='word_1_71' title='bbox 535 746 674 800; x_wconf 74' lang='grc' dir='ltr'><strong><em>ἄρσεις</em></strong></span> <span class='ocrx_word' id='word_1_72' title='bbox 705 751 876 787; x_wconf 89' lang='lat' dir='ltr'><strong>sonaret</strong></span> <span class='ocrx_word' id='word_1_73' title='bbox 905 751 947 786; x_wconf 92' lang='lat' dir='ltr'><strong>et</strong></span> <span class='ocrx_word' id='word_1_74' title='bbox 977 743 1056 796; x_wconf 83' lang='grc' dir='ltr'><strong>μής</strong></span> <span class='ocrx_word' id='word_1_75' title='bbox 1084 743 1258 785; x_wconf 83' lang='lat' dir='ltr'><strong>Heracl.</strong></span> <span class='ocrx_word' id='word_1_76' title='bbox 1291 743 1343 784; x_wconf 89' lang='lat' dir='ltr'><strong>B.</strong></span> <span class='ocrx_word' id='word_1_77' title='bbox 1378 744 1400 784; x_wconf 87' lang='lat'>1</span> <span class='ocrx_word' id='word_1_78' title='bbox 1432 760 1510 801; x_wconf 86' lang='lat' dir='ltr'><strong>pro</strong></span> 
     </span>
     <span class='ocr_line' id='line_1_10' title="bbox 0 810 1512 871; baseline -0.001 -16"><span class='ocrx_word' id='word_1_79' title='bbox 0 851 1 859; x_wconf 69' lang='grc'>,</span> <span class='ocrx_word' id='word_1_80' title='bbox 66 813 169 867; x_wconf 82' lang='grc' dir='ltr'><strong>μήν,</strong></span> <span class='ocrx_word' id='word_1_81' title='bbox 203 814 327 869; x_wconf 90' lang='lat' dir='ltr'><strong>cujus</strong></span> <span class='ocrx_word' id='word_1_82' title='bbox 357 813 574 871; x_wconf 91' lang='lat' dir='ltr'><strong>antiquior</strong></span> <span class='ocrx_word' id='word_1_83' title='bbox 602 815 738 855; x_wconf 86' lang='lat' dir='ltr'><strong>forma</strong></span> <span class='ocrx_word' id='word_1_84' title='bbox 769 820 810 855; x_wconf 91' lang='lat' dir='ltr'><strong>et</strong></span> <span class='ocrx_word' id='word_1_85' title='bbox 837 812 949 870; x_wconf 87' lang='lat' dir='ltr'><strong>apud</strong></span> <span class='ocrx_word' id='word_1_86' title='bbox 980 812 1107 853; x_wconf 91' lang='lat' dir='ltr'><strong>Iones</strong></span> <span class='ocrx_word' id='word_1_87' title='bbox 1138 819 1179 852; x_wconf 92' lang='lat' dir='ltr'><strong>et</strong></span> <span class='ocrx_word' id='word_1_88' title='bbox 1207 810 1321 868; x_wconf 86' lang='lat' dir='ltr'><strong>apud</strong></span> <span class='ocrx_word' id='word_1_89' title='bbox 1340 811 1512 853; x_wconf 88' lang='lat' dir='ltr'><strong>Atticos</strong></span> 
     </span>
     <span class='ocr_line' id='line_1_11' title="bbox 0 880 1514 937; baseline -0.003 -13"><span class='ocrx_word' id='word_1_90' title='bbox 0 893 1 900; x_wconf 63' lang='lat'>¹</span> <span class='ocrx_word' id='word_1_91' title='bbox 67 883 261 934; x_wconf 57' lang='lat' dir='ltr'><strong>est-ftelg.</strong></span> <span class='ocrx_word' id='word_1_92' title='bbox 306 909 359 914; x_wconf 97' lang='lat'>—</span> <span class='ocrx_word' id='word_1_93' title='bbox 415 880 719 923; x_wconf 85' lang='lat' dir='ltr'><strong>Nominativus</strong></span> <span class='ocrx_word' id='word_1_94' title='bbox 759 881 805 922; x_wconf 92' lang='lat' dir='ltr'><strong>in</strong></span> <span class='ocrx_word' id='word_1_95' title='bbox 847 897 901 927; x_wconf 82' lang='grc' dir='ltr'><strong>ως·</strong></span> <span class='ocrx_word' id='word_1_96' title='bbox 930 895 1007 937; x_wconf 88' lang='lat' dir='ltr'><strong>pro</strong></span> <span class='ocrx_word' id='word_1_97' title='bbox 1039 896 1108 927; x_wconf 82' lang='grc' dir='ltr'><strong>ους</strong></span> <span class='ocrx_word' id='word_1_98' title='bbox 1139 894 1237 936; x_wconf 78' lang='lat' dir='ltr'><strong>gen.</strong></span> <span class='ocrx_word' id='word_1_99' title='bbox 1271 896 1384 927; x_wconf 78' lang='grc' dir='ltr'><strong><em>ουτος</em></strong></span> <span class='ocrx_word' id='word_1_100' title='bbox 1413 894 1514 921; x_wconf 85' lang='lat' dir='ltr'><strong>casu</strong></span> 
     </span>
     <span class='ocr_line' id='line_1_12' title="bbox 67 946 1513 1006; baseline -0.001 -16"><span class='ocrx_word' id='word_1_101' title='bbox 67 949 219 991; x_wconf 91' lang='lat' dir='ltr'><strong>nullus</strong></span> <span class='ocrx_word' id='word_1_102' title='bbox 255 949 438 990; x_wconf 85' lang='lat' dir='ltr'><strong>traditus</strong></span> <span class='ocrx_word' id='word_1_103' title='bbox 476 957 568 1003; x_wconf 63' lang='lat' dir='ltr'><strong>cst,</strong></span> <span class='ocrx_word' id='word_1_104' title='bbox 614 964 753 1006; x_wconf 83' lang='lat' dir='ltr'><strong>neque</strong></span> <span class='ocrx_word' id='word_1_105' title='bbox 782 957 923 990; x_wconf 88' lang='lat' dir='ltr'><strong>tamen</strong></span> <span class='ocrx_word' id='word_1_106' title='bbox 954 947 1149 988; x_wconf 88' lang='lat' dir='ltr'><strong>dubitare</strong></span> <span class='ocrx_word' id='word_1_107' title='bbox 1178 946 1282 989; x_wconf 86' lang='lat' dir='ltr'><strong>licet</strong></span> <span class='ocrx_word' id='word_1_108' title='bbox 1311 947 1418 1005; x_wconf 91' lang='lat' dir='ltr'><strong>quin</strong></span> <span class='ocrx_word' id='word_1_109' title='bbox 1449 964 1513 989; x_wconf 89' lang='lat' dir='ltr'><strong>se-</strong></span> 
     </span>
     <span class='ocr_line' id='line_1_13' title="bbox 67 1014 1514 1074; baseline -0.001 -15"><span class='ocrx_word' id='word_1_110' title='bbox 67 1017 213 1059; x_wconf 86' lang='lat' dir='ltr'><strong>verior</strong></span> <span class='ocrx_word' id='word_1_111' title='bbox 241 1017 375 1059; x_wconf 86' lang='lat' dir='ltr'><strong>Doris</strong></span> <span class='ocrx_word' id='word_1_112' title='bbox 406 1017 550 1067; x_wconf 80' lang='grc' dir='ltr'><strong>ὸ“ιὸ’ώς,</strong></span> <span class='ocrx_word' id='word_1_113' title='bbox 586 1016 665 1065; x_wconf 83' lang='grc' dir='ltr'><strong>ὃώς</strong></span> <span class='ocrx_word' id='word_1_114' title='bbox 693 1032 772 1074; x_wconf 90' lang='lat' dir='ltr'><strong>pro</strong></span> <span class='ocrx_word' id='word_1_115' title='bbox 794 1014 933 1063; x_wconf 78' lang='grc' dir='ltr'><em>διδούς</em></span> <span class='ocrx_word' id='word_1_116' title='bbox 962 1023 1004 1057; x_wconf 91' lang='lat' dir='ltr'><strong>et</strong></span> <span class='ocrx_word' id='word_1_117' title='bbox 1035 1014 1132 1063; x_wconf 79' lang='grc' dir='ltr'><em>δούς</em></span> <span class='ocrx_word' id='word_1_118' title='bbox 1162 1015 1335 1068; x_wconf 77' lang='lat' dir='ltr'><strong>dixerit,</strong></span> <span class='ocrx_word' id='word_1_119' title='bbox 1367 1032 1514 1074; x_wconf 87' lang='lat' dir='ltr'><strong>quem·</strong></span> 
     </span>
     <span class='ocr_line' id='line_1_14' title="bbox 67 1081 1517 1140; baseline 0 -14"><span class='ocrx_word' id='word_1_120' title='bbox 67 1084 296 1126; x_wconf 85' lang='lat' dir='ltr'><strong>admodum</strong></span> <span class='ocrx_word' id='word_1_121' title='bbox 341 1084 619 1126; x_wconf 85' lang='lat' dir='ltr'><strong>Homericum</strong></span> <span class='ocrx_word' id='word_1_122' title='bbox 664 1081 838 1131; x_wconf 79' lang='grc' dir='ltr'><em>ἐπιπλώς</em></span> <span class='ocrx_word' id='word_1_123' title='bbox 877 1099 955 1140; x_wconf 80' lang='lat' dir='ltr'><strong>pro</strong></span> <span class='ocrx_word' id='word_1_124' title='bbox 1000 1082 1192 1132; x_wconf 77' lang='grc' dir='ltr'><em>ἕπιπλούς</em></span> <span class='ocrx_word' id='word_1_125' title='bbox 1236 1099 1259 1125; x_wconf 91' lang='lat' dir='ltr'><strong>e</strong></span> <span class='ocrx_word' id='word_1_126' title='bbox 1299 1083 1517 1126; x_wconf 87' lang='lat' dir='ltr'><strong>Laconica</strong></span> 
     </span>
     <span class='ocr_line' id='line_1_15' title="bbox 69 1150 1515 1209; baseline -0.001 -15"><span class='ocrx_word' id='word_1_127' title='bbox 69 1152 252 1195; x_wconf 87' lang='lat' dir='ltr'><strong>dialecto</strong></span> <span class='ocrx_word' id='word_1_128' title='bbox 289 1153 498 1209; x_wconf 88' lang='lat' dir='ltr'><strong>repetitur</strong></span> <span class='ocrx_word' id='word_1_129' title='bbox 519 1152 567 1202; x_wconf 88' lang='lat'><strong>1).</strong></span> <span class='ocrx_word' id='word_1_130' title='bbox 610 1178 662 1183; x_wconf 97' lang='lat'>—</span> <span class='ocrx_word' id='word_1_131' title='bbox 723 1150 923 1192; x_wconf 88' lang='lat' dir='ltr'><strong>Ceterum</strong></span> <span class='ocrx_word' id='word_1_132' title='bbox 953 1166 1041 1192; x_wconf 90' lang='lat' dir='ltr'><strong>non</strong></span> <span class='ocrx_word' id='word_1_133' title='bbox 1071 1166 1245 1205; x_wconf 85' lang='lat' dir='ltr'><strong>omnes,</strong></span> <span class='ocrx_word' id='word_1_134' title='bbox 1293 1151 1367 1209; x_wconf 88' lang='lat' dir='ltr'><strong>qui</strong></span> <span class='ocrx_word' id='word_1_135' title='bbox 1400 1167 1515 1193; x_wconf 88' lang='lat' dir='ltr'><strong>seve·</strong></span> 
     </span>
     <span class='ocr_line' id='line_1_16' title="bbox 67 1218 1518 1271; baseline -0.001 -8"><span class='ocrx_word' id='word_1_136' title='bbox 67 1220 181 1263; x_wconf 90' lang='lat' dir='ltr'><strong>riore</strong></span> <span class='ocrx_word' id='word_1_137' title='bbox 209 1219 374 1262; x_wconf 88' lang='lat' dir='ltr'><strong>Doride</strong></span> <span class='ocrx_word' id='word_1_138' title='bbox 404 1220 656 1271; x_wconf 88' lang='lat' dir='ltr'><strong>utebantur,</strong></span> <span class='ocrx_word' id='word_1_139' title='bbox 696 1218 1020 1261; x_wconf 85' lang='lat' dir='ltr'><strong>terminationes</strong></span> <span class='ocrx_word' id='word_1_140' title='bbox 1051 1233 1123 1260; x_wconf 86' lang='lat' dir='ltr'><strong>eas</strong></span> <span class='ocrx_word' id='word_1_141' title='bbox 1153 1236 1204 1268; x_wconf 83' lang='grc' dir='ltr'><strong>ης</strong></span> <span class='ocrx_word' id='word_1_142' title='bbox 1233 1226 1274 1260; x_wconf 91' lang='lat' dir='ltr'><strong>et</strong></span> <span class='ocrx_word' id='word_1_143' title='bbox 1305 1236 1359 1267; x_wconf 78' lang='grc' dir='ltr'><strong>ως</strong></span> <span class='ocrx_word' id='word_1_144' title='bbox 1391 1219 1518 1261; x_wconf 86' lang='lat' dir='ltr'><strong>habe-</strong></span> 
     </span>
     <span class='ocr_line' id='line_1_17' title="bbox 68 1285 1517 1344; baseline -0.001 -13"><span class='ocrx_word' id='word_1_145' title='bbox 68 1289 197 1338; x_wconf 85' lang='lat' dir='ltr'><strong>hant,</strong></span> <span class='ocrx_word' id='word_1_146' title='bbox 232 1287 307 1329; x_wconf 89' lang='lat' dir='ltr'><strong>sed</strong></span> <span class='ocrx_word' id='word_1_147' title='bbox 336 1303 434 1344; x_wconf 87' lang='lat' dir='ltr'><strong>pars</strong></span> <span class='ocrx_word' id='word_1_148' title='bbox 456 1286 730 1330; x_wconf 87' lang='lat' dir='ltr'><strong>Cretensium</strong></span> <span class='ocrx_word' id='word_1_149' title='bbox 761 1303 783 1328; x_wconf 94' lang='lat' dir='ltr'><strong>e</strong></span> <span class='ocrx_word' id='word_1_150' title='bbox 813 1302 977 1328; x_wconf 88' lang='lat' dir='ltr'><strong>summa</strong></span> <span class='ocrx_word' id='word_1_151' title='bbox 1006 1285 1259 1344; x_wconf 77' lang='lat' dir='ltr'><strong>antiquitate</strong></span> <span class='ocrx_word' id='word_1_152' title='bbox 1291 1303 1353 1334; x_wconf 75' lang='grc' dir='ltr'><strong>ενς</strong></span> <span class='ocrx_word' id='word_1_153' title='bbox 1383 1294 1425 1328; x_wconf 89' lang='lat' dir='ltr'><strong>et</strong></span> <span class='ocrx_word' id='word_1_154' title='bbox 1451 1304 1517 1335; x_wconf 82' lang='grc' dir='ltr'><strong>ονς</strong></span> 
     </span>
     <span class='ocr_line' id='line_1_18' title="bbox 68 1354 1519 1412; baseline -0.002 -12"><span class='ocrx_word' id='word_1_155' title='bbox 68 1356 335 1400; x_wconf 83' lang='lat' dir='ltr'><strong>retinuerant</strong></span> <span class='ocrx_word' id='word_1_156' title='bbox 363 1355 452 1397; x_wconf 75' lang='lat' dir='ltr'><strong>vid.</strong></span> <span class='ocrx_word' id='word_1_157' title='bbox 484 1355 522 1409; x_wconf 65' lang='grc' dir='ltr'><strong>ξ.</strong></span> <span class='ocrx_word' id='word_1_158' title='bbox 556 1356 633 1409; x_wconf 87' lang='grc'><strong>14,</strong></span> <span class='ocrx_word' id='word_1_159' title='bbox 665 1355 863 1412; x_wconf 84' lang='lat' dir='ltr'><strong>plerique</strong></span> <span class='ocrx_word' id='word_1_160' title='bbox 896 1354 1126 1396; x_wconf 88' lang='lat' dir='ltr'><strong>Cretenses</strong></span> <span class='ocrx_word' id='word_1_161' title='bbox 1157 1370 1252 1398; x_wconf 90' lang='lat' dir='ltr'><strong>cum</strong></span> <span class='ocrx_word' id='word_1_162' title='bbox 1285 1354 1519 1412; x_wconf 77' lang='lat' dir='ltr'><strong>Cyrenacis</strong></span> 
     </span>
     <span class='ocr_line' id='line_1_19' title="bbox 69 1421 1517 1479; baseline -0.002 -12"><span class='ocrx_word' id='word_1_163' title='bbox 69 1424 263 1467; x_wconf 88' lang='lat' dir='ltr'><strong>ultimam</strong></span> <span class='ocrx_word' id='word_1_164' title='bbox 296 1423 506 1479; x_wconf 74' lang='lat' dir='ltr'><strong>syllabam</strong></span> <span class='ocrx_word' id='word_1_165' title='bbox 534 1423 579 1464; x_wconf 92' lang='lat' dir='ltr'><strong>in</strong></span> <span class='ocrx_word' id='word_1_166' title='bbox 612 1439 652 1471; x_wconf 75' lang='grc' dir='ltr'><strong>ες</strong></span> <span class='ocrx_word' id='word_1_167' title='bbox 680 1423 752 1465; x_wconf 90' lang='lat' dir='ltr'><strong>vel</strong></span> <span class='ocrx_word' id='word_1_168' title='bbox 783 1440 827 1470; x_wconf 86' lang='grc' dir='ltr'><strong>ος</strong></span> <span class='ocrx_word' id='word_1_169' title='bbox 857 1421 1148 1479; x_wconf 86' lang='lat' dir='ltr'><strong>corripiebant</strong></span> <span class='ocrx_word' id='word_1_170' title='bbox 1179 1422 1267 1464; x_wconf 85' lang='lat' dir='ltr'><strong>vid.</strong></span> <span class='ocrx_word' id='word_1_171' title='bbox 1300 1424 1340 1476; x_wconf 61' lang='grc' dir='ltr'><strong>ξ.</strong></span> <span class='ocrx_word' id='word_1_172' title='bbox 1374 1426 1443 1474; x_wconf 80' lang='grc'><strong>21,</strong></span> <span class='ocrx_word' id='word_1_173' title='bbox 1476 1426 1517 1467; x_wconf 80' lang='grc'><strong>2.</strong></span> 
     </span>
    </p>

    <p class='ocr_par' dir='ltr' id='par_1_4' title="bbox 73 1489 1527 2086">
     <span class='ocr_line' id='line_1_20' title="bbox 154 1489 1521 1549; baseline 0.001 -16"><span class='ocrx_word' id='word_1_174' title='bbox 154 1492 201 1539; x_wconf 87' lang='lat' dir='ltr'><strong>h)</strong></span> <span class='ocrx_word' id='word_1_175' title='bbox 263 1491 314 1532; x_wconf 94' lang='lat' dir='ltr'><strong>In</strong></span> <span class='ocrx_word' id='word_1_176' title='bbox 362 1490 503 1533; x_wconf 81' lang='lat' dir='ltr'><strong>dativo</strong></span> <span class='ocrx_word' id='word_1_177' title='bbox 547 1490 705 1549; x_wconf 88' lang='lat' dir='ltr'><strong>plurali</strong></span> <span class='ocrx_word' id='word_1_178' title='bbox 747 1489 898 1532; x_wconf 86' lang='lat' dir='ltr'><strong>tertiae</strong></span> <span class='ocrx_word' id='word_1_179' title='bbox 940 1489 1243 1532; x_wconf 86' lang='lat' dir='ltr'><strong>declinationis</strong></span> <span class='ocrx_word' id='word_1_180' title='bbox 1288 1492 1408 1534; x_wconf 91' lang='lat' dir='ltr'><strong>nulla</strong></span> <span class='ocrx_word' id='word_1_181' title='bbox 1452 1509 1521 1535; x_wconf 81' lang='lat' dir='ltr'><strong>cx-</strong></span> 
     </span>
     <span class='ocr_line' id='line_1_21' title="bbox 73 1558 1521 1618; baseline 0 -16"><span class='ocrx_word' id='word_1_182' title='bbox 73 1559 214 1616; x_wconf 87' lang='lat' dir='ltr'><strong>empla</strong></span> <span class='ocrx_word' id='word_1_183' title='bbox 251 1558 569 1601; x_wconf 88' lang='lat' dir='ltr'><strong>terminationis</strong></span> <span class='ocrx_word' id='word_1_184' title='bbox 608 1575 680 1608; x_wconf 79' lang='grc' dir='ltr'><strong>ησι</strong></span> <span class='ocrx_word' id='word_1_185' title='bbox 719 1574 796 1616; x_wconf 90' lang='lat' dir='ltr'><strong>pro</strong></span> <span class='ocrx_word' id='word_1_186' title='bbox 834 1574 938 1608; x_wconf 75' lang='grc' dir='ltr'>εισι,</span> <span class='ocrx_word' id='word_1_187' title='bbox 985 1558 1100 1615; x_wconf 89' lang='lat' dir='ltr'><strong>quod</strong></span> <span class='ocrx_word' id='word_1_188' title='bbox 1138 1573 1191 1600; x_wconf 84' lang='lat' dir='ltr'><strong>ex</strong></span> <span class='ocrx_word' id='word_1_189' title='bbox 1231 1575 1317 1600; x_wconf 74' lang='grc' dir='ltr'>ενσι</span> <span class='ocrx_word' id='word_1_190' title='bbox 1343 1561 1521 1618; x_wconf 87' lang='lat' dir='ltr'><strong>prodiit,</strong></span> 
     </span>
     <span class='ocr_line' id='line_1_22' title="bbox 75 1625 1522 1687; baseline 0.001 -18"><span class='ocrx_word' id='word_1_191' title='bbox 75 1633 322 1684; x_wconf 89' lang='lat' dir='ltr'><strong>supersunt.</strong></span> <span class='ocrx_word' id='word_1_192' title='bbox 384 1625 471 1668; x_wconf 88' lang='lat' dir='ltr'><strong>Sed</strong></span> <span class='ocrx_word' id='word_1_193' title='bbox 502 1643 579 1667; x_wconf 86' lang='grc' dir='ltr'><strong>ωσι</strong></span> <span class='ocrx_word' id='word_1_194' title='bbox 608 1634 673 1668; x_wconf 85' lang='lat' dir='ltr'><strong>est</strong></span> <span class='ocrx_word' id='word_1_195' title='bbox 701 1626 746 1667; x_wconf 90' lang='lat' dir='ltr'><strong>in</strong></span> <span class='ocrx_word' id='word_1_196' title='bbox 783 1625 992 1667; x_wconf 86' lang='lat' dir='ltr'><strong>Creticis:</strong></span> <span class='ocrx_word' id='word_1_197' title='bbox 1025 1625 1152 1675; x_wconf 85' lang='grc'>2556,</span> <span class='ocrx_word' id='word_1_198' title='bbox 1184 1625 1239 1669; x_wconf 86' lang='grc'><strong>20</strong></span> <span class='ocrx_word' id='word_1_199' title='bbox 1271 1629 1414 1669; x_wconf 74' lang='grc' dir='ltr'><em>διδῶσι</em></span> <span class='ocrx_word' id='word_1_200' title='bbox 1444 1645 1522 1687; x_wconf 88' lang='lat' dir='ltr'><strong>pro</strong></span> 
     </span>
     <span class='ocr_line' id='line_1_23' title="bbox 76 1693 1520 1747; baseline 0.002 -12"><span class='ocrx_word' id='word_1_201' title='bbox 76 1696 238 1736; x_wconf 70' lang='grc' dir='ltr'><strong>διδοῦσι,</strong></span> <span class='ocrx_word' id='word_1_202' title='bbox 268 1709 290 1735; x_wconf 93' lang='lat' dir='ltr'><strong>e</strong></span> <span class='ocrx_word' id='word_1_203' title='bbox 322 1693 502 1743; x_wconf 78' lang='grc' dir='ltr'><strong>διδόνσι,</strong></span> <span class='ocrx_word' id='word_1_204' title='bbox 534 1693 660 1747; x_wconf 85' lang='grc'>2557,</span> <span class='ocrx_word' id='word_1_205' title='bbox 694 1693 762 1735; x_wconf 92' lang='grc'><strong>16.</strong></span> <span class='ocrx_word' id='word_1_206' title='bbox 798 1694 850 1736; x_wconf 86' lang='grc'><strong>19</strong></span> <span class='ocrx_word' id='word_1_207' title='bbox 879 1694 1122 1747; x_wconf 72' lang='grc' dir='ltr'><strong>μετέχωσιν,</strong></span> <span class='ocrx_word' id='word_1_208' title='bbox 1169 1709 1248 1736; x_wconf 92' lang='lat' dir='ltr'><strong>nec</strong></span> <span class='ocrx_word' id='word_1_209' title='bbox 1278 1694 1422 1737; x_wconf 89' lang='lat' dir='ltr'><strong>minus</strong></span> <span class='ocrx_word' id='word_1_210' title='bbox 1453 1713 1520 1738; x_wconf 90' lang='lat' dir='ltr'><strong>nr.</strong></span> 
     </span>
     <span class='ocr_line' id='line_1_24' title="bbox 73 1759 1527 1820; baseline -0.001 -14"><span class='ocrx_word' id='word_1_211' title='bbox 73 1761 184 1806; x_wconf 77' lang='lat'>2558</span> <span class='ocrx_word' id='word_1_212' title='bbox 213 1761 447 1820; x_wconf 77' lang='lat' dir='ltr'><strong>legendum</strong></span> <span class='ocrx_word' id='word_1_213' title='bbox 477 1768 542 1803; x_wconf 85' lang='lat' dir='ltr'><strong>est</strong></span> <span class='ocrx_word' id='word_1_214' title='bbox 570 1760 748 1816; x_wconf 61' lang='grc' dir='ltr'><strong>ὑπάρχει]</strong></span> <span class='ocrx_word' id='word_1_215' title='bbox 779 1762 820 1801; x_wconf 70' lang='grc' dir='ltr'><strong>δὲ</strong></span> <span class='ocrx_word' id='word_1_216' title='bbox 853 1759 991 1809; x_wconf 80' lang='grc' dir='ltr'><em>αὐτοῖς</em></span> <span class='ocrx_word' id='word_1_217' title='bbox 1020 1787 1072 1792; x_wconf 84' lang='grc'><strong>-</strong></span> <span class='ocrx_word' id='word_1_218' title='bbox 1119 1760 1295 1802; x_wconf 71' lang='grc' dir='ltr'><strong>ἀτέλειαν</strong></span> <span class='ocrx_word' id='word_1_219' title='bbox 1325 1764 1430 1814; x_wconf 78' lang='grc' dir='ltr'>(καῖ)</span> <span class='ocrx_word' id='word_1_220' title='bbox 1461 1765 1527 1813; x_wconf 64' lang='grc' dir='ltr'><strong>ἐς·</strong></span> 
     </span>
     <span class='ocr_line' id='line_1_25' title="bbox 75 1827 1525 1883; baseline 0 -12"><span class='ocrx_word' id='word_1_221' title='bbox 75 1829 244 1883; x_wconf 75' lang='grc' dir='ltr'>άγ(ω)σι</span> <span class='ocrx_word' id='word_1_222' title='bbox 281 1831 351 1869; x_wconf 78' lang='grc' dir='ltr'><strong>καὶ</strong></span> <span class='ocrx_word' id='word_1_223' title='bbox 381 1827 557 1882; x_wconf 70' lang='grc' dir='ltr'>ἐξάγωσι</span> <span class='ocrx_word' id='word_1_224' title='bbox 596 1829 673 1883; x_wconf 86' lang='lat' dir='ltr'><strong>(cf.</strong></span> <span class='ocrx_word' id='word_1_225' title='bbox 706 1845 772 1869; x_wconf 85' lang='lat' dir='ltr'><strong>nr.</strong></span> <span class='ocrx_word' id='word_1_226' title='bbox 802 1827 936 1882; x_wconf 84' lang='grc'>2556,</span> <span class='ocrx_word' id='word_1_227' title='bbox 968 1828 1022 1870; x_wconf 84' lang='grc'><strong>23</strong></span> <span class='ocrx_word' id='word_1_228' title='bbox 1063 1827 1200 1870; x_wconf 72' lang='grc' dir='ltr'><em>ἇτε’λεα</em></span> <span class='ocrx_word' id='word_1_229' title='bbox 1230 1828 1332 1870; x_wconf 75' lang='grc' dir='ltr'><em>ἔστω</em></span> <span class='ocrx_word' id='word_1_230' title='bbox 1363 1834 1432 1872; x_wconf 81' lang='grc' dir='ltr'><strong>καὶ</strong></span> <span class='ocrx_word' id='word_1_231' title='bbox 1462 1833 1525 1880; x_wconf 75' lang='grc' dir='ltr'><strong>ἐς-</strong></span> 
     </span>
     <span class='ocr_line' id='line_1_26' title="bbox 77 1895 1524 1952; baseline 0.001 -12"><span class='ocrx_word' id='word_1_232' title='bbox 77 1898 253 1952; x_wconf 76' lang='grc' dir='ltr'><strong><em>αγομένῳ</em></strong></span> <span class='ocrx_word' id='word_1_233' title='bbox 282 1898 353 1937; x_wconf 78' lang='grc' dir='ltr'><strong>καῖ</strong></span> <span class='ocrx_word' id='word_1_234' title='bbox 383 1897 623 1950; x_wconf 74' lang='grc' dir='ltr'>ἐξαγομένῳ)</span> <span class='ocrx_word' id='word_1_235' title='bbox 641 1927 653 1949; x_wconf 90' lang='grc'>,</span> <span class='ocrx_word' id='word_1_236' title='bbox 703 1895 777 1937; x_wconf 91' lang='lat' dir='ltr'><strong>ubi</strong></span> <span class='ocrx_word' id='word_1_237' title='bbox 807 1895 1054 1938; x_wconf 80' lang='lat' dir='ltr'><strong>Boeckhius</strong></span> <span class='ocrx_word' id='word_1_238' title='bbox 1084 1897 1229 1939; x_wconf 90' lang='lat' dir='ltr'><strong>minus</strong></span> <span class='ocrx_word' id='word_1_239' title='bbox 1257 1906 1372 1940; x_wconf 86' lang='lat' dir='ltr'><strong>recte</strong></span> <span class='ocrx_word' id='word_1_240' title='bbox 1402 1900 1524 1941; x_wconf 84' lang='lat' dir='ltr'><strong>resti-</strong></span> 
     </span>
     <span class='ocr_line' id='line_1_27' title="bbox 74 1962 1526 2024; baseline 0.002 -17"><span class='ocrx_word' id='word_1_241' title='bbox 74 1965 158 2007; x_wconf 86' lang='lat' dir='ltr'><strong>tuit</strong></span> <span class='ocrx_word' id='word_1_242' title='bbox 187 1964 364 2006; x_wconf 73' lang='grc' dir='ltr'><em>ἀτέλειαν</em></span> <span class='ocrx_word' id='word_1_243' title='bbox 406 1962 483 2015; x_wconf 79' lang='grc' dir='ltr'><strong>(ὧν</strong></span> <span class='ocrx_word' id='word_1_244' title='bbox 514 1965 562 2004; x_wconf 78' lang='grc' dir='ltr'><strong>ἂν</strong></span> <span class='ocrx_word' id='word_1_245' title='bbox 593 1963 840 2017; x_wconf 75' lang='grc' dir='ltr'>ε)ἰςάγ(ω)σι</span> <span class='ocrx_word' id='word_1_246' title='bbox 877 1966 949 2005; x_wconf 76' lang='grc' dir='ltr'><strong>καὶ</strong></span> <span class='ocrx_word' id='word_1_247' title='bbox 987 1963 1175 2018; x_wconf 71' lang='grc' dir='ltr'><strong>ἕξάγωσι.</strong></span> <span class='ocrx_word' id='word_1_248' title='bbox 1246 1965 1526 2024; x_wconf 80' lang='lat' dir='ltr'><strong>Conjunctivi</strong></span> 
     </span>
     <span class='ocr_line' id='line_1_28' title="bbox 76 2030 1183 2086; baseline -0.001 -11"><span class='ocrx_word' id='word_1_249' title='bbox 76 2040 191 2075; x_wconf 77' lang='lat' dir='ltr'><strong>certe</strong></span> <span class='ocrx_word' id='word_1_250' title='bbox 222 2047 374 2075; x_wconf 85' lang='lat' dir='ltr'><strong>sonare</strong></span> <span class='ocrx_word' id='word_1_251' title='bbox 405 2031 617 2072; x_wconf 83' lang='lat' dir='ltr'><strong>debebant</strong></span> <span class='ocrx_word' id='word_1_252' title='bbox 644 2030 852 2085; x_wconf 73' lang='grc' dir='ltr'><strong>εἰςάγωιιτι</strong></span> <span class='ocrx_word' id='word_1_253' title='bbox 880 2034 950 2072; x_wconf 83' lang='grc' dir='ltr'><strong>καὶ</strong></span> <span class='ocrx_word' id='word_1_254' title='bbox 980 2030 1183 2086; x_wconf 65' lang='grc' dir='ltr'><strong>ἑξάγωνα.</strong></span> 
     </span>
    </p>

    <p class='ocr_par' dir='ltr' id='par_1_5' title="bbox 79 2098 1527 2292">
     <span class='ocr_line' id='line_1_29' title="bbox 161 2098 1527 2155; baseline 0.002 -13"><span class='ocrx_word' id='word_1_255' title='bbox 161 2098 206 2155; x_wconf 91' lang='lat' dir='ltr'><strong>c)</strong></span> <span class='ocrx_word' id='word_1_256' title='bbox 266 2098 536 2142; x_wconf 87' lang='lat' dir='ltr'><strong>Severiorem</strong></span> <span class='ocrx_word' id='word_1_257' title='bbox 564 2098 774 2142; x_wconf 90' lang='lat' dir='ltr'><strong>Doridem</strong></span> <span class='ocrx_word' id='word_1_258' title='bbox 817 2099 863 2140; x_wconf 90' lang='lat' dir='ltr'><strong>in</strong></span> <span class='ocrx_word' id='word_1_259' title='bbox 893 2099 1196 2142; x_wconf 81' lang='lat' dir='ltr'><strong>femininorum</strong></span> <span class='ocrx_word' id='word_1_260' title='bbox 1227 2101 1527 2146; x_wconf 86' lang='lat' dir='ltr'><strong>terminatione</strong></span> 
     </span>
     <span class='ocr_line' id='line_1_30' title="bbox 80 2167 1526 2225; baseline 0.004 -17"><span class='ocrx_word' id='word_1_261' title='bbox 80 2184 165 2218; x_wconf 84' lang='grc' dir='ltr'><strong>ησα</strong></span> <span class='ocrx_word' id='word_1_262' title='bbox 195 2167 399 2209; x_wconf 88' lang='lat' dir='ltr'><strong>habuisse</strong></span> <span class='ocrx_word' id='word_1_263' title='bbox 428 2183 506 2225; x_wconf 89' lang='lat' dir='ltr'><strong>pro</strong></span> <span class='ocrx_word' id='word_1_264' title='bbox 536 2183 654 2221; x_wconf 74' lang='grc' dir='ltr'>εισα,</span> <span class='ocrx_word' id='word_1_265' title='bbox 687 2167 802 2225; x_wconf 83' lang='lat' dir='ltr'><strong>quod</strong></span> <span class='ocrx_word' id='word_1_266' title='bbox 833 2183 885 2209; x_wconf 82' lang='lat' dir='ltr'><strong>ex</strong></span> <span class='ocrx_word' id='word_1_267' title='bbox 916 2184 1015 2208; x_wconf 74' lang='grc' dir='ltr'><strong><em>ενσα</em></strong></span> <span class='ocrx_word' id='word_1_268' title='bbox 1044 2175 1191 2210; x_wconf 90' lang='lat' dir='ltr'><strong>natum</strong></span> <span class='ocrx_word' id='word_1_269' title='bbox 1222 2177 1302 2224; x_wconf 84' lang='lat' dir='ltr'><strong>est,</strong></span> <span class='ocrx_word' id='word_1_270' title='bbox 1336 2187 1359 2212; x_wconf 94' lang='lat' dir='ltr'><strong>e</strong></span> <span class='ocrx_word' id='word_1_271' title='bbox 1390 2171 1526 2213; x_wconf 89' lang='lat' dir='ltr'><strong>Boeo-</strong></span> 
     </span>
     <span class='ocr_line' id='line_1_31' title="bbox 79 2234 1523 2292; baseline 0.002 -15"><span class='ocrx_word' id='word_1_272' title='bbox 79 2234 177 2277; x_wconf 90' lang='lat' dir='ltr'><strong>ticis</strong></span> <span class='ocrx_word' id='word_1_273' title='bbox 208 2236 398 2284; x_wconf 74' lang='grc' dir='ltr'><strong>τεθεῖσα,</strong></span> <span class='ocrx_word' id='word_1_274' title='bbox 431 2236 632 2276; x_wconf 75' lang='grc' dir='ltr'><em>σταθεῖσα</em></span> <span class='ocrx_word' id='word_1_275' title='bbox 663 2234 921 2277; x_wconf 85' lang='lat' dir='ltr'><strong>concludere</strong></span> <span class='ocrx_word' id='word_1_276' title='bbox 951 2236 1055 2277; x_wconf 90' lang='lat' dir='ltr'><strong>licet</strong></span> <span class='ocrx_word' id='word_1_277' title='bbox 1082 2236 1168 2277; x_wconf 84' lang='lat' dir='ltr'><strong>vid.</strong></span> <span class='ocrx_word' id='word_1_278' title='bbox 1201 2237 1255 2278; x_wconf 90' lang='lat' dir='ltr'><strong>L.</strong></span> <span class='ocrx_word' id='word_1_279' title='bbox 1280 2238 1300 2279; x_wconf 92' lang='lat' dir='ltr'>I</span> <span class='ocrx_word' id='word_1_280' title='bbox 1331 2238 1372 2291; x_wconf 61' lang='grc' dir='ltr'><strong>ξ.</strong></span> <span class='ocrx_word' id='word_1_281' title='bbox 1394 2240 1463 2292; x_wconf 84' lang='grc'><strong>39,</strong></span> <span class='ocrx_word' id='word_1_282' title='bbox 1482 2241 1523 2281; x_wconf 84' lang='grc'><strong>2.</strong></span> 
     </span>
    </p>
   </div>
   <div class='ocr_carea' id='block_1_4' title="bbox 83 2301 1527 2363">
    <p class='ocr_par' dir='ltr' id='par_1_6' title="bbox 83 2301 1527 2363">
     <span class='ocr_line' id='line_1_32' title="bbox 83 2301 1527 2363; baseline 0.003 -18"><span class='ocrx_word' id='word_1_283' title='bbox 83 2301 346 2360; x_wconf 88' lang='lat' dir='ltr'><strong>Saepissime</strong></span> <span class='ocrx_word' id='word_1_284' title='bbox 391 2309 566 2359; x_wconf 85' lang='lat' dir='ltr'><strong>apparet</strong></span> <span class='ocrx_word' id='word_1_285' title='bbox 608 2302 851 2345; x_wconf 90' lang='lat' dir='ltr'><strong>terminatio</strong></span> <span class='ocrx_word' id='word_1_286' title='bbox 899 2320 989 2345; x_wconf 86' lang='grc' dir='ltr'><strong>ωσα</strong></span> <span class='ocrx_word' id='word_1_287' title='bbox 1010 2301 1045 2360; x_wconf 80' lang='lat'><strong>⁴)</strong></span> <span class='ocrx_word' id='word_1_288' title='bbox 1091 2312 1133 2347; x_wconf 89' lang='lat' dir='ltr'><strong>et</strong></span> <span class='ocrx_word' id='word_1_289' title='bbox 1174 2305 1286 2363; x_wconf 88' lang='lat' dir='ltr'><strong>apud</strong></span> <span class='ocrx_word' id='word_1_290' title='bbox 1329 2307 1527 2349; x_wconf 87' lang='lat' dir='ltr'><strong>Lacones</strong></span> 
     </span>
    </p>
   </div>
   <div class='ocr_carea' id='block_1_5' title="bbox 83 2435 1532 2829">
    <p class='ocr_par' dir='ltr' id='par_1_7' title="bbox 83 2435 1530 2713">
     <span class='ocr_line' id='line_1_33' title="bbox 129 2435 1530 2485; baseline -0.004 -11"><span class='ocrx_word' id='word_1_291' title='bbox 129 2442 166 2484; x_wconf 85' lang='lat'><strong>3)</strong></span> <span class='ocrx_word' id='word_1_292' title='bbox 213 2440 272 2474; x_wconf 83' lang='lat' dir='ltr'><strong>Et</strong></span> <span class='ocrx_word' id='word_1_293' title='bbox 303 2438 350 2473; x_wconf 87' lang='lat' dir='ltr'><strong>G.</strong></span> <span class='ocrx_word' id='word_1_294' title='bbox 379 2439 438 2472; x_wconf 82' lang='grc'><strong>17]</strong></span> <span class='ocrx_word' id='word_1_295' title='bbox 454 2463 465 2480; x_wconf 90' lang='grc'>,</span> <span class='ocrx_word' id='word_1_296' title='bbox 491 2439 547 2472; x_wconf 82' lang='grc'><strong>46.</strong></span> <span class='ocrx_word' id='word_1_297' title='bbox 573 2435 618 2476; x_wconf 75' lang='grc' dir='ltr'><strong>εἷς</strong></span> <span class='ocrx_word' id='word_1_298' title='bbox 643 2437 699 2472; x_wconf 74' lang='grc' dir='ltr'><strong>διὰ</strong></span> <span class='ocrx_word' id='word_1_299' title='bbox 722 2441 784 2472; x_wconf 78' lang='grc' dir='ltr'><strong>τοῦ</strong></span> <span class='ocrx_word' id='word_1_300' title='bbox 809 2439 829 2482; x_wconf 83' lang='grc' dir='ltr'><em>ἢ</em></span> <span class='ocrx_word' id='word_1_301' title='bbox 855 2437 952 2485; x_wconf 78' lang='grc' dir='ltr'><em>παρὰ</em></span> <span class='ocrx_word' id='word_1_302' title='bbox 978 2438 1160 2484; x_wconf 72' lang='grc' dir='ltr'><em>Δωριεῦσιν</em></span> <span class='ocrx_word' id='word_1_303' title='bbox 1185 2436 1226 2475; x_wconf 80' lang='grc' dir='ltr'><strong>ὡς</strong></span> <span class='ocrx_word' id='word_1_304' title='bbox 1249 2437 1287 2471; x_wconf 82' lang='grc' dir='ltr'><strong>τὸ</strong></span> <span class='ocrx_word' id='word_1_305' title='bbox 1309 2439 1440 2483; x_wconf 74' lang='grc' dir='ltr'><em>χαρίεις</em></span> <span class='ocrx_word' id='word_1_306' title='bbox 1462 2453 1530 2480; x_wconf 66' lang='lat' dir='ltr'><strong>Za-</strong></span> 
     </span>
     <span class='ocr_line' id='line_1_34' title="bbox 84 2490 1525 2544; baseline 0 -13"><span class='ocrx_word' id='word_1_307' title='bbox 84 2499 166 2544; x_wconf 74' lang='grc' dir='ltr'><strong><em>ριής.</em></strong></span> <span class='ocrx_word' id='word_1_308' title='bbox 229 2497 542 2531; x_wconf 86' lang='lat' dir='ltr'><strong>Commemoratur</strong></span> <span class='ocrx_word' id='word_1_309' title='bbox 574 2490 615 2540; x_wconf 74' lang='grc' dir='ltr'><strong>ἧς</strong></span> <span class='ocrx_word' id='word_1_310' title='bbox 650 2503 688 2529; x_wconf 93' lang='lat' dir='ltr'><strong>ut</strong></span> <span class='ocrx_word' id='word_1_311' title='bbox 723 2496 874 2538; x_wconf 76' lang='lat' dir='ltr'><strong>dialecti</strong></span> <span class='ocrx_word' id='word_1_312' title='bbox 917 2496 1116 2531; x_wconf 81' lang='lat' dir='ltr'><strong>mutatione</strong></span> <span class='ocrx_word' id='word_1_313' title='bbox 1151 2503 1268 2530; x_wconf 81' lang='lat' dir='ltr'><strong>ortum</strong></span> <span class='ocrx_word' id='word_1_314' title='bbox 1306 2507 1325 2528; x_wconf 85' lang='lat' dir='ltr'><strong>a</strong></span> <span class='ocrx_word' id='word_1_315' title='bbox 1359 2496 1525 2539; x_wconf 78' lang='lat' dir='ltr'><strong>Theogn.</strong></span> 
     </span>
     <span class='ocr_line' id='line_1_35' title="bbox 85 2553 1526 2597; baseline -0.001 -8"><span class='ocrx_word' id='word_1_316' title='bbox 85 2556 185 2589; x_wconf 81' lang='lat' dir='ltr'><strong>Oxx.</strong></span> <span class='ocrx_word' id='word_1_317' title='bbox 221 2555 282 2596; x_wconf 92' lang='lat' dir='ltr'><strong>Il,</strong></span> <span class='ocrx_word' id='word_1_318' title='bbox 319 2555 395 2587; x_wconf 77' lang='lat'>134.</span> <span class='ocrx_word' id='word_1_319' title='bbox 429 2554 473 2587; x_wconf 82' lang='lat'><strong>30</strong></span> <span class='ocrx_word' id='word_1_320' title='bbox 505 2560 541 2586; x_wconf 87' lang='lat' dir='ltr'><strong>et</strong></span> <span class='ocrx_word' id='word_1_321' title='bbox 574 2553 708 2587; x_wconf 80' lang='lat' dir='ltr'><strong>Arcad.</strong></span> <span class='ocrx_word' id='word_1_322' title='bbox 744 2554 830 2595; x_wconf 86' lang='lat'><strong>126,</strong></span> <span class='ocrx_word' id='word_1_323' title='bbox 852 2555 883 2588; x_wconf 88' lang='grc'><strong>9.</strong></span> <span class='ocrx_word' id='word_1_324' title='bbox 929 2573 970 2578; x_wconf 83' lang='grc'><strong>-</strong></span> <span class='ocrx_word' id='word_1_325' title='bbox 1020 2554 1146 2597; x_wconf 84' lang='lat' dir='ltr'><strong>Apoll.</strong></span> <span class='ocrx_word' id='word_1_326' title='bbox 1181 2553 1227 2586; x_wconf 88' lang='lat' dir='ltr'><strong>de</strong></span> <span class='ocrx_word' id='word_1_327' title='bbox 1253 2553 1333 2586; x_wconf 75' lang='lat' dir='ltr'><strong>adV.</strong></span> <span class='ocrx_word' id='word_1_328' title='bbox 1359 2554 1446 2596; x_wconf 85' lang='lat'><strong>573,</strong></span> <span class='ocrx_word' id='word_1_329' title='bbox 1473 2556 1526 2590; x_wconf 86' lang='lat'><strong>26.</strong></span> 
     </span>
     <span class='ocr_line' id='line_1_36' title="bbox 83 2609 1527 2658; baseline 0 -14"><span class='ocrx_word' id='word_1_330' title='bbox 83 2614 207 2658; x_wconf 77' lang='grc' dir='ltr'><strong><em>χαρίης</em></strong></span> <span class='ocrx_word' id='word_1_331' title='bbox 238 2611 271 2643; x_wconf 63' lang='grc' dir='ltr'><strong>ἐν</strong></span> <span class='ocrx_word' id='word_1_332' title='bbox 303 2611 497 2645; x_wconf 75' lang='grc' dir='ltr'><strong><em>διαλέκτοις.</em></strong></span> <span class='ocrx_word' id='word_1_333' title='bbox 532 2628 577 2633; x_wconf 91' lang='lat'><strong>-——</strong></span> <span class='ocrx_word' id='word_1_334' title='bbox 624 2610 681 2643; x_wconf 77' lang='lat' dir='ltr'><strong>Et.</strong></span> <span class='ocrx_word' id='word_1_335' title='bbox 709 2610 753 2643; x_wconf 86' lang='lat' dir='ltr'><strong>G.</strong></span> <span class='ocrx_word' id='word_1_336' title='bbox 783 2612 846 2653; x_wconf 82' lang='lat'><strong>86,</strong></span> <span class='ocrx_word' id='word_1_337' title='bbox 871 2613 924 2645; x_wconf 84' lang='lat'><strong>58.</strong></span> <span class='ocrx_word' id='word_1_338' title='bbox 963 2611 1000 2644; x_wconf 76' lang='grc' dir='ltr'><strong>αἱ</strong></span> <span class='ocrx_word' id='word_1_339' title='bbox 1031 2609 1201 2644; x_wconf 61' lang='grc' dir='ltr'><strong>διείλεκτο,</strong></span> <span class='ocrx_word' id='word_1_340' title='bbox 1223 2611 1385 2655; x_wconf 74' lang='grc' dir='ltr'><strong>τρέπουσι</strong></span> <span class='ocrx_word' id='word_1_341' title='bbox 1407 2611 1468 2655; x_wconf 69' lang='grc' dir='ltr'><strong>τὴν</strong></span> <span class='ocrx_word' id='word_1_342' title='bbox 1491 2613 1527 2646; x_wconf 72' lang='grc' dir='ltr'><strong>Ξῖ</strong></span> 
     </span>
     <span class='ocr_line' id='line_1_37' title="bbox 86 2666 807 2713; baseline -0.006 -10"><span class='ocrx_word' id='word_1_343' title='bbox 86 2670 272 2711; x_wconf 62' lang='grc' dir='ltr'><em>(δίφθογγον</em></span> <span class='ocrx_word' id='word_1_344' title='bbox 297 2667 340 2705; x_wconf 62' lang='grc' dir='ltr'><strong>εἷς</strong></span> <span class='ocrx_word' id='word_1_345' title='bbox 365 2669 402 2711; x_wconf 82' lang='grc' dir='ltr'><strong>ἧ,</strong></span> <span class='ocrx_word' id='word_1_346' title='bbox 427 2666 605 2713; x_wconf 70' lang='grc' dir='ltr'>ἀστερόης,</span> <span class='ocrx_word' id='word_1_347' title='bbox 632 2666 807 2710; x_wconf 83' lang='grc' dir='ltr'><strong><em>αἱματόης.</em></strong></span> 
     </span>
    </p>

    <p class='ocr_par' dir='ltr' id='par_1_8' title="bbox 89 2723 1532 2829">
     <span class='ocr_line' id='line_1_38' title="bbox 133 2723 1532 2771; baseline -0.001 -11"><span class='ocrx_word' id='word_1_348' title='bbox 133 2728 168 2767; x_wconf 77' lang='lat'><strong>4)</strong></span> <span class='ocrx_word' id='word_1_349' title='bbox 214 2725 308 2759; x_wconf 88' lang='lat' dir='ltr'><strong>Inde</strong></span> <span class='ocrx_word' id='word_1_350' title='bbox 333 2724 495 2759; x_wconf 83' lang='lat' dir='ltr'><strong>Doricae</strong></span> <span class='ocrx_word' id='word_1_351' title='bbox 520 2731 695 2758; x_wconf 75' lang='lat' dir='ltr'><strong>vocantur</strong></span> <span class='ocrx_word' id='word_1_352' title='bbox 718 2723 935 2758; x_wconf 82' lang='lat' dir='ltr'><strong>Homericae</strong></span> <span class='ocrx_word' id='word_1_353' title='bbox 959 2724 1098 2758; x_wconf 83' lang='lat' dir='ltr'><strong>formae</strong></span> <span class='ocrx_word' id='word_1_354' title='bbox 1122 2723 1262 2771; x_wconf 73' lang='grc' dir='ltr'><strong><em>ἱδρῶσαι</em></strong></span> <span class='ocrx_word' id='word_1_355' title='bbox 1286 2731 1320 2760; x_wconf 86' lang='lat' dir='ltr'><strong>et</strong></span> <span class='ocrx_word' id='word_1_356' title='bbox 1342 2724 1532 2761; x_wconf 69' lang='grc' dir='ltr'>ιάιεταὶωοα</span> 
     </span>
     <span class='ocr_line' id='line_1_39' title="bbox 89 2781 972 2829; baseline -0.002 -13"><span class='ocrx_word' id='word_1_357' title='bbox 89 2793 157 2827; x_wconf 88' lang='lat' dir='ltr'><strong>pro</strong></span> <span class='ocrx_word' id='word_1_358' title='bbox 180 2782 335 2829; x_wconf 77' lang='grc' dir='ltr'><strong><em>ἱδροῦσαι</em></strong></span> <span class='ocrx_word' id='word_1_359' title='bbox 358 2789 392 2816; x_wconf 82' lang='lat' dir='ltr'><strong>et</strong></span> <span class='ocrx_word' id='word_1_360' title='bbox 417 2781 619 2815; x_wconf 60' lang='lat' dir='ltr'><strong>vcuwa&#39;ovoa</strong></span> <span class='ocrx_word' id='word_1_361' title='bbox 644 2783 700 2816; x_wconf 83' lang='lat' dir='ltr'><strong>Et.</strong></span> <span class='ocrx_word' id='word_1_362' title='bbox 726 2782 776 2816; x_wconf 84' lang='grc' dir='ltr'><strong>Μ.</strong></span> <span class='ocrx_word' id='word_1_363' title='bbox 802 2784 890 2821; x_wconf 86' lang='grc'>596,</span> <span class='ocrx_word' id='word_1_364' title='bbox 916 2783 972 2817; x_wconf 82' lang='grc'><strong>26.</strong></span> 
     </span>
    </p>
   </div>
  </div>
 </body>
</html>
