1779 3079
427 216 470 276 §.
504 216 581 266 30.
655 218 729 263 De
765 213 1080 262 declinatione
1110 213 1190 259 ΙΙΙ.
1437 209 1537 260 237

91 362 172 396 ete.
237 355 512 403 contractio,
561 369 670 411 quae
708 369 730 393 a
762 352 1052 409 grammaticis
1075 355 1108 402 ⁶)
1139 350 1321 393 Doridis
1350 366 1446 392 esse
1475 350 1537 391 di-

91 423 204 464 citur
234 424 279 464 iu
311 422 562 475 Ἰδομενεῦς,
597 421 800 467 Ὀδυσεῦς
831 418 959 476 (quae
993 428 1093 460 suut
1124 419 1401 470 Homerica),
1436 434 1538 460 nus—

93 507 219 548 quam
251 491 477 548 reperitur.
538 488 683 530 Attica
714 486 956 529 terminatio
989 502 1063 534 ἕως
1091 497 1259 542 praeter
1288 487 1439 527 titulos
1463 486 1540 526 du-

91 559 188 601 biae
219 559 317 601 fidei
349 567 390 600 et
420 557 542 599 valde
571 563 766 597 recentes
787 555 912 595 etiam
938 554 980 594 in
1005 553 1190 594 Rhodiis
1212 570 1278 594 nr.
1298 554 1423 607 2525,
1445 554 1472 594 1)
1502 561 1542 595 et

92 626 218 676 2905,
252 634 437 668 ceterum
460 625 563 666 satis
585 624 723 681 puris,
757 624 846 665 sola
869 630 1034 679 regnat,
1070 630 1114 662 ut
1137 622 1290 674 ἱερέως,
1325 622 1540 674 βασιλέως,

94 695 350 749 ΝΙακαρέως.
397 719 450 724 -—
508 691 746 733 Dativus
785 690 895 731 nibil
940 690 1080 731 differt
1109 705 1131 729 a
1164 690 1331 745 vulgari
1362 690 1540 743 ratione,

95 770 142 803 ut
174 762 354 814 ἄμφορεῖ
380 761 536 818 Epich.
563 760 633 802 9l.
666 782 722 789 -—
766 757 1139 799 Accusativus
1171 757 1282 814 apud
1304 756 1542 800 Dorienses

95 830 138 870 in
172 849 193 879 η
226 829 341 870 exire
385 830 570 870 refertur
590 831 650 880 7),
698 842 834 884 eaque
865 825 1106 867 terminatio
1148 826 1279 881 vulgo
1321 824 1365 865 in
1405 825 1545 867 titulis

95 906 294 956 apparet,
328 906 375 939 ut
404 900 557 949 βασιλῆ
580 896 723 936 Rbod.
747 894 884 947 2905,
918 893 1173 949 Ἀλεξαιτδρῆ
1194 893 1339 936 Rhod.
1357 892 1544 946 2525,1),

95 967 292 1013 Λαοδικῆ
323 965 447 1006 Chal.
476 964 602 1017 1607,
637 966 787 1016 Πατρῆ
816 963 978 1004 Aearn.
1008 962 1139 1013 1793,
1172 977 1250 1002 nee
1281 961 1546 1014 dubitamus,

97 1033 202 1091 quin
233 1048 310 1090 pro
342 1036 521 1085 βασιλῆα
553 1031 714 1089 Delph.
751 1031 884 1083 1693,
917 1045 1024 1087 quae
1061 1030 1195 1071 forma
1226 1045 1248 1070 a
1277 1029 1445 1070 Doride
1477 1029 1547 1070 ab·

98 1103 266 1154 horret,
304 1104 454 1150 Βασιλῆ
483 1099 795 1142 restituendum
828 1098 915 1151 sit5
950 1097 1110 1138 ibidem
1142 1105 1206 1138 est
1234 1098 1464 1138 Λαοδικεά.

209 1169 309 1210 Ρ1ιι
324 1169 460 1210 ralis
492 1167 881 1209 nominativus
924 1165 1154 1223 aliquoties
1186 1182 1271 1206 uon
1303 1172 1548 1207 contractus

96 1236 333 1293 reperitur,
366 1244 410 1277 ut
446 1236 692 1288 Πριανσιέες
724 1235 841 1277 Cret.
875 1234 1011 1281 2556,
1046 1233 1123 1285 46,
1156 1234 1412 1287 ὗπογραφέες
1442 1235 1547 1275 Aer.

98 1305 150 1358 3,
198 1306 336 1356 τομεές
375 1304 573 1345 Arebim.
620 1304 672 1345 de
703 1304 804 1344 Hel.
847 1320 888 1361 p.
923 1303 1020 1345 244.
1097 1302 1283 1360 Saepius
1325 1303 1368 1342 in
1409 1301 1551 1342 titulis

97 1372 291 1429 vulgaris
325 1373 459 1413 forma
492 1372 674 1430 legitur,
723 1380 768 1412 ut
798 1371 841 1412 iu
874 1370 1013 1411 Rhod.
1051 1372 1278 1423 Πριαυεῖς,
1322 1370 1549 1411 Hermion.

100 1439 226 1481 Chal.
272 1440 434 1498 Delph.
511 1440 616 1480 Post
660 1439 995 1481 contractionem
1037 1447 1224 1480 extrema
1266 1438 1430 1495 syllaba
1461 1454 1552 1479 cor-

98 1515 217 1564 repta
249 1516 313 1549 est
344 1508 388 1549 iu
425 1510 652 1561 Πριανσιὲς
686 1508 802 1549 Cret.
835 1508 972 1557 2556,
1006 1507 1060 1549 30
1102 1515 1142 1549 et
1172 1508 1286 1562 ἱαρές
1318 1505 1477 1563 Cyren.
1509 1506 1551 1553 7,

99 1575 186 1617 vid.
224 1576 264 1628 {l-
298 1577 377 1629 21,
411 1577 452 1618 3.
500 1603 552 1607 —
613 1576 917 1617 Geuitivus
960 1575 1121 1633 ubique
1161 1576 1249 1616 fere
1283 1575 1327 1615 in
1360 1590 1460 1628 ξων,
1508 1573 1553 1614 in

103 1643 224 1685 Chal.
246 1643 355 1685 ’1567
389 1652 428 1684 et
455 1645 666 1684 Χαλειέων
697 1652 738 1684 et
771 1647 962 1684 Χαλειῶν
992 1644 1165 1699 legitur.
1201 1669 1252 1673 --
1313 1642 1555 1683 Dativus

105 1714 382 1763 Πριαιισιεῦσι
415 1711 531 1753 Cret.
565 1712 702 1763 2556,
751 1714 1037 1765 (πρυταμεῦσι
1076 1727 1099 1752 a
1141 1711 1301 1752 rariore
1333 1708 1558 1762 πρυτανεύς

103 1777 322 1819 Boeebkio
369 1781 594 1836 supplente
637 1779 778 1821 Rbod.
823 1780 961 1831 2530,
1022 1780 1225 1829 Λαμιέως
1266 1778 1426 1836 Delph.
1469 1777 1556 1819 vid.

105 1861 221 1902 supr.
258 1862 324 1886 nr.
348 1847 388 1887 3.
453 1847 791 1888 Callimaebeum
822 1848 1015 1901 ὁρομέσι,
1050 1847 1102 1888 de
1133 1863 1217 1904 quo
1248 1846 1347 1888 vide
1379 1845 1558 1886 Schnei-

104 1912 215 1955 dew.
249 1913 458 1955 Exercitt.
496 1914 620 1956 Critt.
669 1933 710 1973 p.
743 1915 824 1964 20,
871 1915 1159 1956 Buttmannus
1204 1913 1281 1954 Gr.
1316 1913 1390 1955 Gr.
1432 1913 1473 1967 ἓ.
1507 1913 1559 1955 52

102 1989 190 2023 not.
225 1981 251 2022 6
292 1999 378 2023 uon
418 1990 532 2024 recte
564 1982 775 2024 Doricum
810 1983 1054 2038 judicavit,
1102 1984 1244 2034 τομὲσι
1289 1996 1558 2039 comparans,

107 2048 221 2105 quod
266 2048 311 2089 in
351 2050 627 2091 Archimedis
671 2052 860 2093 editione
902 2051 1146 2093 Basileensi
1186 2067 1229 2108 p.
1262 2051 1316 2092 99
1361 2056 1560 2106 corrupte

104 2115 289 2171 legitur,
330 2133 461 2175 quum
492 2119 537 2159 in
573 2118 817 2161 Oxouiensi
847 2136 889 2177 p.
923 2120 1007 2160 247
1036 2122 1202 2171 τομεῦσι
1233 2119 1328 2160 sine
1357 2117 1560 2159 lectionis

107 2182 392 2240 discrepantia
433 2186 593 2228 editum
637 2188 707 2228 sit.
757 2211 810 2216 —
868 2187 1204 2229 Aceusativi
1242 2187 1381 2228 soluta
1424 2186 1560 2226 forma

107 2266 210 2292 casu
248 2267 334 2293 non
378 2254 615 2310 reperiturg,
679 2256 881 2310 Πριανεῖς·
921 2263 985 2297 est
1014 2255 1158 2297 Rhod.
1191 2255 1301 2297 2905
1340 2259 1560 2311 (corrupte

153 2402 189 2442 6)
241 2401 377 2433 Herod.
409 2402 508 2434 Oxx.
538 2402 619 2445 111,
646 2404 732 2444 233,
759 2404 803 2438 29
838 2413 873 2438 et
909 2405 995 2444 236,
1022 2406 1076 2439 28.
1120 2426 1154 2431 -
1219 2402 1401 2437 Cboerob.
1436 2400 1561 2434 Bekk.

110 2458 207 2492 1204.
238 2459 344 2499 1210,
387 2459 431 2493 cf.
462 2461 560 2493 1236.
600 2482 638 2487 -
691 2462 747 2494 Id.
785 2462 818 2494 in
855 2463 900 2496 H.
939 2462 1008 2496 Ad.
1037 2463 1116 2501 268,
1139 2472 1178 2502 a,
1227 2462 1283 2494 Et.
1311 2461 1362 2494 M.
1392 2460 1478 2499 189,
1502 2459 1561 2500 29,

107 2515 166 2549 Et.
195 2516 240 2549 G.
269 2517 355 2557 273,
381 2518 444 2558 27,
484 2517 650 2550 Eustath.
683 2521 791 2559 1965,
819 2520 882 2560 25,
924 2519 989 2552 Gr.
1016 2520 1055 2553 C.
1087 2521 1161 2554 178.

155 2574 190 2614 7)
240 2572 380 2607 Scholl.
418 2574 463 2608 11.
500 2589 538 2616 0,
564 2577 631 2609 339
668 2583 702 2609 et
733 2576 792 2610 Et.
821 2577 871 2609 M.
905 2578 990 2617 670,
1018 2579 1038 2611 9
1076 2577 1119 2609 ad
1157 2574 1353 2608 Homerica
1389 2576 1562 2618 quovy,

111 2631 217 2674 Τυδῆ.
254 2649 290 2653 -
344 2631 544 2664 Herodian.
574 2633 673 2664 Oxx.
705 2633 782 2674 111,
810 2634 896 2673 238,
924 2635 955 2666 6.
1007 2633 1128 2666 Πόθεν
1160 2631 1199 2666 τὸ
1228 2634 1321 2676 Τυδῆ
1353 2633 1408 2664 καὶ
1436 2634 1562 2676 βασιλῆ

111 2686 197 2732 παρ’
221 2685 376 2732 Ὁμήρςιη
403 2690 510 2727 φαμὲν
536 2686 588 2722 ὅτι
614 2688 712 2735 παρὰ
731 2691 916 2735 Λωριεῖνσίν
941 2691 1027 2723 ἔστιν
1053 2690 1070 2734 ἦ
1099 2692 1200 2726 κλίσις
1227 2691 1282 2722 καὶ
1308 2693 1388 2731 γοῦν
1416 2689 1564 2735 ὑπάρχει

110 2747 268 2788 βασιλῆϊ,
315 2748 467 2790 βασιλῆα
492 2747 677 2790 (suspicor
700 2749 874 2788 βασιλέος,
908 2750 1060 2790 βασιλέϊ,
1095 2744 1472 2792 βασιλέαγξαῖτιατική·
1507 2750 1563 2780 καὶ

114 2800 201 2833 κατὰ
227 2802 433 2848 συναλοιφὴν
457 2804 601 2848 βασιλῆ,
629 2802 739 2851 ὥσπερ
767 2807 890 2849 Κηφέα
915 2808 1032 2850 Ιίηφῆ.
