1779 3079
255 186 355 236 484
843 184 1103 247 Appendix.

335 445 504 501 vll.
557 445 958 500 Decretum
1002 446 1626 511 Amphictyonum.

683 578 813 638 corp.
865 580 1003 623 lusor.
1052 579 1278 625 nr.1688.

740 709 827 750 (vid.
858 708 985 742 solium
1014 711 1222 751 insertum.)

366 943 628 986 Rectissime
659 942 908 984 Boeckhius
940 957 992 984 ex
1015 942 1166 985 Attico
1196 944 1405 1002 temporis
1435 944 1602 1000 indice,
1635 945 1711 1003 qui

251 1011 516 1070 praemissus
547 1018 641 1065 est,
687 1012 827 1067 legem
857 1012 970 1053 hane
999 1011 1407 1069 Amphictyonicam
1439 1013 1513 1055 Ol.
1546 1014 1654 1067 100,
1687 1014 1707 1054 1

250 1079 438 1121 Athenis
479 1079 664 1137 positam
709 1094 804 1121 esse
846 1079 1156 1122 demonstravit
1196 1087 1238 1121 et
1274 1080 1517 1137 lapicidae,
1563 1089 1711 1138 utpote

250 1147 399 1189 Attico
435 1163 517 1189 nec
555 1147 715 1189 Doridi
753 1154 954 1202 assueto5
1003 1156 1067 1190 tot
1102 1147 1420 1190 inconstantias
1462 1156 1504 1190 et
1543 1163 1711 1190 errores

251 1214 399 1257 deberi
429 1215 660 1257 intellexit.
734 1215 939 1258 Attamen
969 1216 1022 1258 de
1055 1216 1348 1258 inconstantia
1379 1216 1711 1275 orthographiae

247 1282 304 1325 V.
341 1282 410 1326 Cl.
445 1299 533 1326 non
564 1283 706 1325 omnia
736 1291 851 1326 recte
884 1284 1103 1341 disputare
1133 1283 1304 1327 videtur
1335 1292 1402 1338 et,
1445 1284 1482 1326 si
1513 1284 1618 1343 quid
1648 1284 1711 1327 vi-

248 1351 425 1406 demus,
472 1369 521 1394 ea
561 1353 615 1393 ad
646 1352 1022 1411 orthographicum
1053 1352 1262 1394 rationem
1293 1353 1448 1407 refert,
1497 1368 1606 1410 quae
1636 1368 1711 1411 po·

249 1419 336 1461 tius
366 1419 420 1461 ad
451 1420 625 1462 dialecti
655 1421 960 1479 proprietatem
998 1420 1257 1479 pertineant.
1332 1420 1554 1478 Antiquae
1594 1420 1710 1462 enim

249 1488 578 1546 orthographiae
623 1489 701 1530 has
744 1488 952 1547 reliquias
998 1489 1046 1531 in
1097 1488 1224 1532 titulo
1274 1504 1369 1530 esse
1414 1488 1706 1531 existimavitz

248 1556 278 1598 l.
300 1556 353 1598 10
384 1555 626 1612 ἁπογραψεν
654 1572 733 1614 pro
766 1556 1023 1611 ἀπογράφειν
1053 1564 1095 1599 et
1125 1557 1228 1599 item
1247 1558 1300 1600 21
1335 1556 1453 1610 ἄγεν,
1498 1557 1552 1599 23
1584 1572 1708 1608 φέρεν

249 1630 292 1665 et
330 1625 506 1679 ἐνοικεν,
548 1623 604 1667 34
633 1630 761 1679 θυεν5
810 1626 876 1667 13.
909 1625 965 1668 45
1005 1643 1074 1674 τος
1114 1640 1192 1683 pro
1222 1623 1321 1673 τούς
1350 1631 1393 1666 et
1423 1625 1625 1667 similiter
1653 1624 1709 1666 26

246 1708 420 1743 ποττος,
469 1693 523 1735 14
561 1709 631 1742 τος
670 1692 789 1742 ὄνος,
839 1693 907 1740 17.
941 1693 995 1736 39
1035 1695 1279 1747 Αἰγιναιος,
1325 1692 1382 1735 20
1412 1691 1561 1748 αὐτος5
1615 1692 1646 1734 l.
1681 1692 1708 1734 8

246 1764 390 1809 Λατος
421 1776 500 1819 pro
530 1764 729 1817 Aaz01793
772 1762 803 1805 l.
838 1763 860 1803 1
895 1766 1042 1803 Πυθεο
1072 1777 1152 1819 pro
1187 1759 1359 1802 Πυθέου
1399 1776 1541 1818 neque
1581 1760 1706 1804 aliter

246 1829 277 1870 l.
311 1829 365 1871 35
405 1846 450 1870 το
484 1833 627 1872 Πυθιο
672 1828 941 1888 (quanquam
969 1830 1041 1872 hic
1073 1829 1244 1872 Claraci
1283 1830 1583 1888 apographum
1613 1831 1705 1868 Πυ-

243 1902 346 1938 θιου
387 1898 532 1949 hahet)
573 1906 615 1939 et
653 1898 685 1940 l.
718 1899 772 1941 41
806 1898 932 1952 αὐτος
975 1905 1193 1956 postremo
1223 1897 1255 1940 l.
1289 1896 1344 1939 25
1374 1900 1599 1949 ζαμιοντων
1627 1909 1706 1952 pro

245 1963 511 2017 ζαμιούντων.
588 1965 815 2023 Nusquam
852 1966 1099 2009 Boeckhius
1138 1971 1182 2006 E
1223 1971 1265 2007 et
1301 1968 1336 2004 O
1373 1978 1454 2022 pro
1493 1968 1547 2004 H
1579 1970 1621 2003 et
1665 1963 1706 2002 ,Ω

245 2032 405 2090 scripta
434 2048 529 2074 csse
559 2033 695 2075 voluit
724 2040 1024 2090 praeterquam
1055 2033 1102 2074 in
1132 2037 1204 2073 EI
1235 2032 1266 2073 l.
1299 2031 1356 2073 40
1394 2045 1474 2088 pro
1503 2027 1559 2087 333
1606 2045 1706 2071 nam

243 2100 290 2143 in
319 2101 635 2148 Ἱπποθωντίδος
664 2100 696 2141 l.
731 2102 749 2142 l
785 2101 1005 2158 posterius
1036 2117 1056 2142 ο
1087 2115 1166 2157 per
1196 2114 1386 2141 errorem
1415 2099 1577 2141 lectum
1607 2112 1704 2139 esse

245 2167 538 2224 significavit,
608 2184 735 2225 quam
782 2168 1033 2211 facillimam
1075 2168 1298 2210 literarum
1340 2165 1701 2225 permutationem

243 2251 323 2277 nos
356 2235 483 2278 etiam
523 2236 568 2277 in
607 2236 641 2278 l.
675 2237 729 2277 ’14
765 2235 833 2277 bis
863 2236 1146 2294 agnovimus,
1193 2252 1288 2283 ονος
1316 2251 1386 2276 τον
1415 2234 1462 2276 in
1492 2233 1597 2282 (ὄνος
1624 2235 1704 2274 τῶν

243 2311 476 2346 mutantes.
567 2303 747 2346 Illorum
798 2319 898 2346 vero
950 2303 1178 2345 maximam
1221 2309 1387 2361 partem
1430 2299 1703 2344 memorabili

243 2371 484 2429 Delphicae
521 2371 698 2414 dialecti
737 2372 998 2430 proprietate
1034 2372 1180 2429 potius
1212 2387 1341 2429 quam
1372 2369 1703 2428 orthographiae

242 2439 482 2481 archaismo
514 2440 729 2482 contineri
759 2440 1028 2482 arbitramur.
1108 2439 1372 2482 Aecuratius
1411 2437 1527 2480 enim
1573 2452 1702 2496 quae-

241 2509 355 2549 renti
386 2515 586 2565 apparet,
628 2508 891 2566 syllabarum
924 2516 1211 2549 extremarum
1243 2506 1559 2564 correptionem
1591 2519 1701 2559 eam,

241 2591 370 2633 quam
400 2575 685 2618 Doriensium
715 2576 828 2635 parti
859 2575 1076 2634 propriam
1107 2591 1203 2617 esse
1236 2576 1281 2617 in
1311 2578 1352 2630 §.
1371 2575 1423 2617 21
1457 2572 1700 2626 docuimus,

240 2643 389 2684 eadem
419 2660 552 2701 prope
585 2645 823 2687 constantia
863 2644 910 2685 in
940 2645 1021 2685 hoc
1062 2643 1188 2685 titulo
1235 2642 1484 2695 observari,
1534 2656 1616 2699 qua
1655 2640 1700 2681 in

239 2710 449 2753 Thoracis
491 2721 534 2753 et
577 2713 690 2755 aliis.
766 2713 960 2754 Primum
1001 2711 1205 2754 infinitivi
1237 2709 1562 2769 conjugationis
1593 2709 1637 2749 in
1667 2725 1699 2747 ω

242 2777 402 2836 ubique
434 2779 477 2820 in
510 2797 548 2820 εν
579 2788 764 2837 exeunt,
811 2788 857 2822 ut
887 2781 1033 2835 ᾳέρεν,
1084 2780 1199 2833 ἄγεν,
1248 2779 1374 2834 θύεν,
1416 2792 1556 2836 neque
1585 2782 1700 2819 recte
