1779 3079
224 213 324 261 266
701 216 774 260 De
810 213 1190 275 pronominibus.

225 349 362 401 1702,
424 349 558 390 Phoe.
605 349 675 391 81.
708 348 774 398 R,
832 349 1009 406 Corcyr.
1054 349 1176 391 1845.
1224 351 1345 392 1847.
1390 352 1513 394 1848.
1549 352 1673 406 1849,

223 416 358 458 Ther.
391 417 528 470 2448,
561 416 704 458 Rhod.
737 417 873 470 2905,
908 416 1026 458 Cret.
1059 416 1339 460 2554—2557
1362 426 1443 460 ete.
1465 449 1478 471 ,
1512 418 1672 476 Cyren.

223 485 273 534 1,
306 484 492 542 Agrig.,
532 484 680 525 Alaes.

333 552 467 609 Apud
498 551 766 610 Sophronem
807 555 871 593 tol
909 562 975 595 est
1012 554 1066 594 fr.
1103 555 1168 595 12.
1201 555 1271 596 29.
1305 555 1389 609 44,
1434 556 1503 595 ταί
1529 553 1571 595 6.
1604 554 1673 596 33.

222 620 290 661 54.
312 620 392 674 88,
426 637 556 677 quare
587 620 841 677 corrigenda
876 622 1076 662 duximus
1105 622 1158 662 fr.
1184 622 1233 663 51
1270 627 1316 661 αἴ
1340 640 1390 674 γα
1422 621 1501 673 μὰν
1532 620 1678 676 κόγχαι

221 695 264 728 et
277 687 330 729 75
364 691 403 727 αἱ
431 689 660 736 ὁυςθα).ιάι.
721 689 874 746 Neque
905 689 1050 731 minus
1080 689 1369 746 Epicharmus
1399 689 1492 731 illis
1526 689 1675 743 utitur,

219 757 283 796 τοί
310 755 363 796 fr.
397 756 466 797 23.
500 756 570 798 44.
603 757 684 809 94,
730 759 797 797 ταί
824 758 905 809 23,
937 758 1006 798 31.
1042 758 1122 809 34,
1169 764 1210 798 et
1250 773 1359 815 quae
1390 757 1674 799 adversaban-

219 831 291 864 tur
323 826 363 862 αἱ
391 823 472 875 23,
503 824 556 875 9,
603 827 639 864 οἱ
673 825 753 865 120
792 824 917 864 etiam
960 824 1057 865 aliis
1086 825 1216 866 rebus
1248 826 1516 883 corruptelae
1546 841 1678 882 argu—

220 897 367 931 untur.
443 891 491 931 ln
535 890 802 947 Lysistratae
833 891 1066 933 Laconicis
1108 892 1300 948 partibus
1340 893 1502 949 ubique
1541 895 1605 933 τοί
1635 900 1677 934 et

219 960 288 998 ταί
315 958 547 1015 leguntur,
595 974 735 1016 neque
777 959 902 1000 aliter
932 959 1043 1017 apud
1075 960 1379 1016 Thucydidem
1408 960 1468 1012 V,
1501 960 1569 1001 77.
1603 960 1672 1001 79.

219 1026 506 1067 Archimedes
553 1042 722 1084 semper
765 1027 1016 1083 vulgaribus
1063 1028 1213 1068 formis
1260 1028 1409 1069 utitur.
1483 1027 1678 1084 Apparet

219 1094 354 1150 igitur
376 1094 662 1151 antiquiorem
686 1095 895 1136 Doridem
929 1095 1089 1153 ubique
1120 1098 1184 1136 τοί
1209 1103 1250 1137 et
1268 1097 1337 1135 ταί
1356 1094 1676 1152 pronuntiasse,

220 1169 370 1218 postea
404 1165 440 1203 οἱ
470 1169 511 1203 et
543 1166 583 1203 αἱ
614 1163 802 1220 primuni
833 1179 930 1204 cum
959 1163 1199 1221 participiis
1225 1162 1358 1220 jungi
1389 1170 1539 1220 coepta
1562 1178 1676 1216 esse,

222 1238 270 1270 ut
300 1229 346 1270 in
377 1230 552 1272 Herael.
587 1239 629 1272 et
659 1231 803 1273 Rhod.
836 1232 971 1284 2525,
1002 1232 1055 1285 b,
1101 1232 1256 1273 deinde
1296 1231 1409 1288 apud
1450 1231 1678 1288 plerosque

219 1297 502 1340 Doriensium
534 1298 788 1341 invaluisse.
862 1300 1064 1342 Ceterum
1095 1300 1237 1341 Dores
1269 1307 1310 1340 et
1339 1299 1527 1340 Boeotos
1568 1299 1674 1348 (vid.

220 1365 276 1406 L.
310 1364 331 1406 Ι
375 1366 416 1419 ξ.
452 1366 532 1420 45,
565 1366 610 1422 7)
652 1367 941 1411 nominativos
979 1370 1042 1409 τοί
1071 1375 1112 1409 et
1141 1370 1208 1407 ταί
1243 1384 1266 1409 e
1298 1383 1461 1408 summa
1491 1367 1677 1424 antiqui-

219 1440 304 1474 tate
335 1433 515 1476 traditos
556 1435 804 1493 accepisse,
851 1436 974 1478 docet
1013 1443 1054 1477 et
1092 1436 1242 1493 lingua
1275 1435 1519 1488 Sanscrita,
1567 1450 1677 1492 quae

220 1501 267 1543 in
298 1503 554 1559 pronomine
586 1519 699 1553 sas,
745 1516 824 1557 sa,
865 1504 955 1546 tad
994 1519 1072 1561 per
1101 1503 1296 1560 reliquos
1326 1518 1451 1543 casus
1482 1518 1630 1544 omnes
1661 1510 1679 1544 t

219 1570 445 1628 praefigit,
488 1571 615 1613 etiam
649 1573 693 1613 in
727 1589 842 1614 nom.
876 1574 936 1630 pl.
971 1580 1043 1619 te,
1078 1580 1184 1621 tas,
1218 1571 1360 1620 tani,
1401 1578 1442 1612 et
1474 1570 1673 1624 Gotliiea,

219 1654 329 1695 quae
361 1655 382 1679 a
415 1655 494 1687 sa,
529 1643 613 1692 so,
645 1641 794 1681 thata
827 1640 1035 1697 pluralem
1067 1640 1204 1693 thai,
1239 1641 1385 1691 thos,
1418 1640 1509 1680 tho
1534 1639 1674 1695 fingit.

219 1704 331 1747 Nam
363 1707 542 1764 spiritus
573 1724 698 1766 asper
728 1709 839 1765 apud
873 1708 1062 1750 Graecos
1103 1724 1126 1748 e
1166 1725 1185 1749 s
1217 1716 1340 1748 natus
1373 1714 1452 1748 est.
1528 1706 1677 1764 ltaque

220 1777 259 1815 οἱ
290 1781 333 1815 et
364 1779 404 1815 αἱ
440 1776 679 1817 recentiore
710 1784 902 1834 tempore
942 1777 994 1817 ad
1027 1775 1280 1818 nominativi
1311 1774 1548 1832 singularis
1579 1791 1676 1816 ana-

218 1842 380 1900 logiam
412 1844 520 1885 faeta
558 1852 674 1885 sunt.

333 1911 680 1954 Consentaneum
711 1919 806 1963 est,
855 1927 1090 1969 pronomen
1125 1912 1191 1951 ὅδὲ
1222 1910 1392 1951 articuli
1425 1909 1676 1951 declinatio—

220 1994 317 2019 nem
348 1980 499 2037 sequi,
533 1988 573 2020 et
604 1980 816 2036 reperitur
847 1981 953 2019 zaid}
985 1979 1141 2034 Sophr.
1176 1979 1245 2019 5'1.

334 2047 377 2096 2)
425 2047 673 2088 Pronomen
705 2047 847 2094 οὗτος,
882 2046 998 2103 quod
1030 2054 1094 2086 est
1125 2061 1177 2086 ex
1207 2044 1387 2085 articulo
1418 2044 1672 2092 derivatum,

221 2115 468 2156 necessario
509 2115 554 2155 in
599 2115 861 2155 mnninativo
902 2114 1082 2171 pluralis
1123 2113 1299 2153 eandem
1332 2130 1349 2151 τ
1382 2112 1674 2169 praeponendi

221 2183 577 2223 consuetudinem
620 2183 907 2239 sequebatur,
955 2198 1033 2222 nee
1076 2182 1214 2222 solum
1259 2180 1522 2236 grammatici
1545 2183 1579 2226 2)
1623 2180 1674 2222 de

222 2249 398 2290 Dorieis
447 2253 581 2291 ιοῦιυι
626 2258 666 2291 et
715 2253 851 2289 tas-rac
898 2257 1133 2297 testantur,
1206 2250 1281 2289 sed
1338 2248 1495 2303 legitur
1541 2251 1675 2289 ’τοῦτοι

224 2316 380 2374 Soplir.
423 2318 505 2369 55,
564 2321 705 2357 Tus-zac
744 2317 900 2374 Sophr.
943 2318 1011 2359 88.
1088 2318 1136 2357 Iu
1180 2316 1316 2357 titulis
1361 2316 1675 2357 recentioribus

223 2386 424 2442 vulgares
457 2386 616 2427 formas
646 2402 765 2438 esse,
800 2393 845 2425 ut
879 2385 989 2425 οὗιυι
1024 2386 1157 2426 Phoe.
1191 2386 1242 2425 81
1278 2383 1362 2431 R„
1401 2400 1484 2424 nou
1519 2384 1672 2424 mirum

225 2461 305 2493 est.
348 2479 397 2483 —
460 2454 631 2495 Deinde
660 2454 764 2494 satis
795 2460 994 2510 apparet,
1040 2452 1276 2507 genitivum
1310 2452 1519 2508 pluralem
1554 2452 1674 2492 femi·-

225 2520 318 2561 nini
337 2555 344 2566 ,
378 2522 451 2578 qui
484 2539 504 2562 a
536 2525 605 2562 πᾶν
637 2522 854 2562 derivatur
883 2529 923 2560 et
955 2535 1006 2560 ex
1030 2520 1205 2576 antiquo
1229 2519 1408 2559 ramim
1431 2525 1675 2560 contractus

224 2597 316 2641 cst,
348 2593 496 2630 ταινιᾶν
529 2606 624 2631 esse
655 2597 850 2646 oportere
884 2588 1149 2645 provulgari
1179 2587 1346 2633 τούτων,
1381 2587 1510 2643 idque
1534 2586 1674 2643 ipsum

271 2742 307 2781 2)
364 2742 533 2786 Apollou.
562 2742 608 2774 de
633 2742 712 2774 adv.
742 2744 830 2777 5512,
858 2743 897 2781 7,
932 2740 977 2771 dr
1006 2751 1108 2783 pion.
1134 2742 1188 2774 72.
1220 2741 1267 2778 Β,
1301 2739 1347 2771 de
1374 2746 1469 2782 synt.
1500 2740 1582 2779 ΙΙΙ,
1609 2738 1674 2775 22;

229 2799 320 2831 mal«-
347 2800 452 2832 vniam
478 2803 597 2837 τοῦτος
626 2800 757 2833 Doridi
785 2798 1010 2831 adscribitur
1040 2801 1129 2831 Anu.
1158 2799 1257 2831 (ΗΧ.
1289 2798 1325 2835 l,
1358 2797 1439 2834 111,
1469 2797 1517 2829 10.
