1779 3079
510 174 552 234 ᾗ.
589 174 634 221 2.
708 172 781 218 De
813 170 1036 219 sontibus.
1463 172 1495 220 9

229 308 366 351 Ross
396 323 471 349 nr.
505 307 566 350 33
605 305 812 348 Misthrae
848 312 1042 362 repertus
1081 305 1255 364 antiqua
1282 306 1496 363 scriptura

59 375 192 417 solam
221 392 367 418 vocem
391 378 678 416 EIIOIEHE
708 371 881 414 exhibet
907 372 937 412 i.
970 388 1008 413 e.
1040 374 1173 415 ἑποιεὲ
1198 390 1276 432 pro
1307 375 1494 424 ἐποίησε,-

59 458 200 501 ncqne
229 443 342 485 enim
371 450 484 484 recte
513 440 695 483 Rossius
725 438 904 488 ἐποιήθη
934 438 1054 495 legit.
1099 440 1297 483 Eundem
1326 441 1497 482 titulum

61 509 245 553 Lcakius
285 527 351 552 nr.
384 510 438 552 52
479 524 557 567 per
598 522 785 549 errorem
836 506 949 547 inter
994 506 1228 548 Arcadicos
1277 508 1496 562 retulerat,

62 593 189 634 quem
218 578 264 618 in
293 578 345 619 L.
380 577 400 618 I
428 576 468 629 ξ.
502 576 554 617 53
584 575 694 616 male
725 573 896 631 sequuti
923 589 1105 614 eramus.
1139 599 1192 605 —
1249 576 1387 617 lbid.
1417 593 1494 618 nr.

61 645 141 699 34,
174 661 210 686 a.
242 644 284 686 b.
318 644 418 686 item
447 642 699 697 Misthraci9
738 641 814 700 qui
842 640 954 683 solas
982 656 1109 684 voces
1137 646 1433 685 HJAPERN
1459 651 1500 686 ct

62 708 392 765 HJA(9)EY(9)
420 710 592 752 habent.

230 778 393 836 Corp.
434 778 605 821 Inscr.
645 795 712 819 nr.
759 777 866 820 1325
907 777 1184 835 Gytheaticus
1222 779 1368 837 paullo
1406 788 1503 837 post

60 862 99 888 a.
131 861 174 887 u.
208 846 290 888 559
320 845 521 903 scriptus.
552 871 607 878 —-
664 846 744 888 Nr.
770 846 874 888 1331
906 845 1122 888 decretum
1153 846 1330 904 Spartae
1359 863 1504 905 reper-

61 921 178 967 tum,
216 913 326 955 sexti
355 929 398 954 u.
432 929 468 956 c.
500 913 680 963 sacculi,
721 913 918 954 mutilum
947 920 989 955 et
1017 922 1279 971 corruptum.
1312 941 1363 946 —
1422 915 1500 958 ΝΥ.

63 981 173 1024 1332
201 981 485 1037 fragmentum
516 981 675 1022 decreti
704 981 913 1022 Paron-cae
939 989 1171 1038 repertum.
1203 1006 1256 1013 —-
1296 981 1506 1026 Nr.1334

64 1047 445 1090 Gerontbratarum
475 1048 691 1090 decretum
721 1048 841 1090 valde
870 1057 1131 1107 corruptum.
1162 1075 1216 1081 ——
1281 1049 1360 1092 ΝΥ.
1397 1051 1505 1093 1335

65 1115 283 1158 decretum
311 1119 385 1158 τοῦ
413 1119 553 1157 κοινοῦ
580 1118 658 1155 τῶν
686 1117 1023 1168 Λακεδαιμονίων
1064 1117 1260 1158 mutilum
1290 1125 1333 1159 et
1363 1134 1506 1160 corru-

63 1189 198 1241 ptum.
239 1209 295 1216 --
363 1183 442 1226 Nr.
476 1183 584 1225 1336
615 1182 893 1240 Gytheatieus
931 1190 973 1226 et
1008 1200 1076 1225 nr.
1109 1185 1218 1227 1338
1246 1185 1507 1243 Amyclacus

66 1266 90 1292 a
117 1251 358 1308 peregrinis
391 1250 452 1292 ihi
480 1251 748 1293 versantibus
778 1251 971 1308 positus,
1008 1251 1299 1294 Romanorum
1327 1253 1507 1310 impera-

65 1325 206 1361 torum
238 1318 400 1360 aetatis.
431 1344 484 1350 —-
543 1318 594 1359 ln
622 1318 690 1359 bis
720 1318 855 1360 titulis
885 1319 1112 1361 Laconicis
1140 1319 1239 1361 inde
1274 1321 1325 1361 ab
1356 1336 1393 1361 a.
1427 1321 1511 1363 2οὒ

67 1402 107 1428 a.
140 1385 243 1428 Chr.
286 1385 457 1444 scriptis
486 1386 690 1428 Doricam
731 1386 904 1443 quidem
940 1387 1167 1428 dialectum
1206 1387 1398 1445 conspici
1436 1389 1511 1429 scd

69 1469 162 1495 cam
204 1454 442 1508 mitiorem,
489 1470 577 1495 non
616 1453 902 1508 severiorem,
946 1470 1029 1512 qua
1057 1455 1253 1498 Lacones
1285 1472 1384 1497 usos
1417 1472 1510 1497 csse

71 1521 244 1562 aliunde
276 1521 376 1562 satis
409 1528 597 1576 constat,
655 1521 776 1563 valde
815 1521 1088 1563 memorabile
1127 1531 1215 1575 cst,
1275 1523 1390 1581 quod
1428 1540 1511 1582 qua

71 1588 235 1630 ratione
266 1589 471 1646 explicari
499 1588 660 1647 possit,
692 1589 804 1630 infra
834 1605 1101 1646 quaeremus.

240 1655 547 1698 Messenici
577 1656 688 1698 tituli
718 1664 842 1697 suntz
892 1656 937 1697 iu
971 1656 1102 1715 Coi-p.
1134 1657 1271 1700 Inser.
1304 1675 1371 1700 nr.
1407 1659 1513 1701 1339

73 1723 358 1780 fragmentum
398 1723 557 1765 decreti
587 1723 805 1765 Boecliliio
838 1723 988 1780 judice
1027 1725 1329 1782 imperatorum
1360 1726 1514 1767 Roma-

73 1807 227 1832 norum
255 1797 444 1848 tempore
477 1791 652 1849 scripti3
703 1791 813 1833 nibil
858 1799 995 1833 tamen
1028 1793 1190 1847 obstat,
1236 1794 1340 1850 quin
1371 1794 1515 1851 paullo

75 1858 292 1916 antiquius
330 1858 547 1900 habeatur.
597 1886 650 1892 -
717 1858 851 1900 Lcak.
892 1876 959 1901 nr.
998 1860 1054 1902 4ss
1095 1860 1325 1918 descriptio
1367 1861 1516 1902 finium

76 1926 168 1983 agri
196 1925 429 1967 Messenici
462 1933 504 1968 et
532 1926 773 1983 Phigalici,
807 1927 969 1981 lacera,
1011 1927 1204 1983 ejusdem
1233 1930 1322 1969 fere
1353 1929 1514 1970 aetatis.

186 1993 406 2035 Nonnulla
434 1994 670 2036 Laconicae
710 1995 980 2053 proprietatis
1020 1995 1199 2052 vestigia
1233 1996 1518 2038 recentissimi

76 2060 217 2115 tituli,
262 2061 432 2102 circiter
469 2062 702 2103 secundum
742 2079 783 2120 p.
821 2062 923 2104 Chr.
957 2062 1173 2104 saeculum
1201 2063 1349 2120 scripti
1380 2079 1518 2105 serva-

79 2134 203 2181 runt,
247 2128 427 2170 maxime
458 2129 501 2170 in
531 2129 776 2170 nominibus
807 2130 1009 2188 propriis.
1041 2156 1090 2162 -
1156 2130 1357 2172 Ceterum
1386 2131 1519 2173 Four-

77 2195 294 2238 montiana
324 2205 584 2251 commenta,
617 2214 640 2239 a
668 2197 887 2239 Bocclxbio
917 2199 1077 2256 optimo
1100 2197 1199 2253 jure
1229 2198 1430 2256 explosa,
1463 2199 1517 2240 si-

78 2262 213 2305 lentio
243 2263 618 2319 praetermisimus.

195 2331 238 2379 3)
296 2330 331 2371 Ε
371 2331 586 2389 reliqua
632 2333 1023 2392 Peloponneso
1069 2340 1110 2375 et
1146 2332 1432 2390 Megaride
1476 2332 1522 2373 hi

82 2397 197 2440 tituli
223 2397 376 2439 Dorici
406 2400 711 2456 suppetebant:

249 2465 315 2507 Ex
344 2465 584 2507 Arcadia
613 2466 1001 2525 Megalopolitanus
1034 2468 1085 2510 C.
1115 2468 1151 2509 I.
1177 2483 1243 2509 nr.
1270 2467 1375 2509 1534
1403 2467 1524 2510 valde

86 2535 201 2575 lacer
231 2540 272 2574 et
300 2540 550 2589 corruptus3
590 2534 928 2591 Tegeaticus
958 2553 982 2577 a
1011 2535 1168 2578 Rossio
1198 2535 1242 2575 in
1275 2534 1522 2592 Ephcmcri-

88 2601 214 2642 dibus
241 2600 502 2642 Halensibus
541 2617 578 2642 a.
612 2602 720 2645 1838
744 2604 1105 2659 Intelliyenzblatt
1141 2619 1208 2644 nr.
1239 2602 1294 2644 40
1335 2608 1378 2643 et
1415 2602 1524 2645 alius

91 2669 141 2710 ab
170 2667 318 2710 codem
348 2667 392 2708 in
423 2667 559 2710 Inscr.
593 2668 668 2711 Gr.
706 2687 772 2712 nr.
806 2672 827 2713 1
859 2671 1022 2724 editus,
1054 2686 1181 2727 quem
1211 2669 1262 2711 ad
1291 2668 1524 2726 priinorum

90 2735 390 2794 imperatorum
419 2742 592 2778 aetatem
622 2738 834 2795 pertinere
865 2738 1118 2797 suspicatur.
