1779 3079
570 213 612 273 §.
643 214 688 261 2.
758 213 832 260 De
871 211 1098 260 fontibus.
1492 212 1557 262 25

107 349 216 391 stola
244 347 492 407 Epimenidi
530 347 752 407 supposita
794 345 907 404 apud
936 346 1069 404 Diog.
1101 347 1244 389 Laert.
1287 348 1335 403 I,
1366 347 1446 391 105
1484 349 1559 391 ali-

107 423 319 475 quatenus
351 416 581 474 genuinam
610 415 838 457 djalectum
869 415 1014 455 refert.
1044 440 1097 445 —
1158 416 1558 473 Cyrenaeorum

108 484 336 526 dialectum
373 483 465 525 noli
503 498 706 541 quaerere
743 482 789 523 in
817 482 1036 540 Aristippi
1067 481 1304 538 Cyrenaei,
1348 500 1458 543 quae
1497 486 1559 527 se-

106 560 286 607 runtur,
335 550 528 609 epistolis
560 550 719 604 (Orell.
753 550 890 607 Epist.
923 566 969 607 p.
1005 550 1057 592 16
1086 552 1266 607 seqq.),
1325 568 1460 609 quae,
1521 554 1559 595 si

108 620 277 678 quando
307 618 460 661 Dorici
498 618 603 676 quid
643 618 842 676 sapiunt,
901 625 1059 659 tantam
1100 618 1313 660 inscitiam
1353 620 1556 678 produnt,

107 703 216 746 quae
249 686 475 741 Σωκράτας
506 692 548 727 et
576 686 733 727 similia
763 685 926 728 Dorica
955 685 1276 728 existimaverit.

223 755 295 808 19)
353 754 634 796 Pindarus
665 753 909 811 reliquique
939 757 1090 811 poetae
1122 754 1272 811 Lyrici
1312 756 1558 812 (Alcmane,

108 822 161 864 de
206 838 291 881 quo
336 837 466 880 supra
508 821 720 875 vidimus,
781 825 976 879 excepto)
1030 822 1308 865 mitiorem
1350 824 1560 868 Doridem

107 889 318 933 Lesbiaea
348 897 390 932 et
418 889 540 948 epiea
569 889 751 931 dialecto
782 897 1154 947 temperaverunt,
1195 908 1300 950 quas
1339 892 1458 949 leges
1497 909 1563 935 se-

109 958 265 1016 quuti,
309 958 356 999 in
385 957 511 999 tertio
538 957 652 999 libro
682 957 945 1000 docebimus.
1022 958 1151 1000 Nune
1181 958 1226 999 in
1255 965 1370 1001 tanta
1399 960 1564 1004 dubita-

108 1026 226 1068 tione
244 1057 257 1079 ,
287 1025 401 1067 unde
433 1041 627 1083 quaeque
659 1025 944 1083 arripuerint,
977 1026 1222 1068 cautissime
1252 1042 1397 1068 eorum
1419 1036 1562 1070 aucto-

110 1094 234 1135 ritate
265 1101 448 1135 utemur.
525 1093 703 1135 Cautius
734 1094 861 1135 etiam
890 1093 936 1134 in
970 1093 1235 1136 Callimacho
1265 1102 1307 1136 et
1334 1095 1430 1137 aliis
1460 1101 1563 1154 po'e-

110 1161 166 1203 tis
196 1161 508 1203 recentioribus
538 1162 794 1203 versandum
825 1167 914 1214 est,
948 1161 1021 1202 ubi
1052 1161 1216 1203 accedit
1245 1163 1462 1221 suspicio,
1507 1181 1563 1206 ne

110 1245 195 1287 qua
223 1229 460 1271 seeundum
487 1229 667 1270 Doridis
698 1229 936 1284 analogiam
966 1229 1075 1270 male
1106 1230 1325 1271 finxerint.
1360 1256 1414 1262 —-
1454 1231 1565 1274 Pau-

110 1296 282 1339 eissima
313 1314 335 1339 e
369 1296 695 1338 dramaticorum
724 1296 872 1354 lyricis
903 1297 1096 1354 partibus
1126 1297 1442 1355 intelliguntur.

222 1365 296 1415 20)
354 1364 580 1407 Postremo
611 1366 662 1407 de
694 1365 1074 1422 grammaticis
1104 1365 1442 1421 dicendumkest,
1472 1368 1566 1425 qui·

112 1434 193 1475 bus
217 1432 364 1474 eadem
394 1433 557 1474 ratione
589 1433 657 1475 usi
687 1449 834 1474 sumus
865 1449 947 1490 qua
982 1433 1027 1474 in
1057 1433 1167 1474 libro
1198 1434 1355 1491 primo.
1429 1435 1566 1493 Apol·

111 1500 255 1542 Ionius
286 1500 503 1558 Dyscolus
534 1500 711 1542 Doridis
753 1509 946 1542 auctores
987 1500 1258 1558 Sophronem
1295 1502 1566 1559 potissimum

113 1569 242 1610 habet
271 1576 312 1609 et
343 1568 623 1623 Alcmanem,
654 1568 792 1610 rarius
823 1568 1129 1626 Epicharmum
1165 1576 1207 1611 et
1235 1570 1569 1613 Tarentinorum

116 1636 288 1678 dialecti
318 1636 640 1689 Rhintlionem,
683 1636 743 1677 ita
782 1644 854 1685 ut,
902 1653 1183 1693 quaecunque
1214 1637 1392 1678 Doridis
1431 1640 1568 1696 speei-

114 1704 231 1746 mina
262 1711 432 1745 auctore
477 1720 565 1745 non
608 1703 826 1745 nominato
865 1705 1010 1758 affert,
1055 1705 1158 1746 satis
1198 1705 1462 1747 confidenter
1490 1708 1570 1749 Al-

117 1771 258 1814 emani
296 1771 486 1815 tribuere
516 1772 668 1825 liceat,
716 1788 848 1829 quum
886 1777 1056 1829 pectam
1087 1772 1288 1830 sapiunt,
1334 1772 1570 1831 Sophroni,

117 1856 249 1897 quum
278 1839 519 1896 pedestrem
553 1855 816 1890 sermonem,
863 1841 919 1882 ef.
954 1856 1062 1897 quae
1091 1840 1336 1882 monuimus
1376 1841 1422 1882 iu
1450 1841 1568 1885 Mus.

118 1907 262 1950 Rhen.
295 1908 403 1950 1839
433 1923 477 1964 p.
512 1907 609 1949 234.
674 1907 932 1949 Cautissime
960 1908 1183 1949 Theocriti
1212 1909 1461 1951 auctoritate
1491 1911 1572 1952 uti-

119 1981 216 2029 tur,
264 1991 485 2032 nunquam
515 1974 696 2016 Pindari
725 1982 766 2016 et
796 1975 1062 2033 reliquorum
1090 1976 1340 2032 lyricorum.
1416 1977 1572 2037 Neque

120 2043 244 2084 aliter
272 2043 544 2084 Herodianus
575 2043 717 2099 egisse
747 2043 943 2097 videtur,
990 2043 1150 2103 quiin
1180 2044 1291 2085 libro
1322 2047 1415 2099 περῖ
1443 2046 1573 2097 μονή-

123 2127 223 2166 powg·
253 2112 395 2159 λέξεως
423 2127 466 2168 p.
500 2111 578 2164 10,
610 2111 664 2152 27
696 2126 817 2168 seqq.
853 2110 1151 2167 Sophronem,
1196 2112 1500 2170 Epicharmum
1533 2122 1575 2157 et

123 2178 300 2220 Helotas
331 2178 521 2236 apponit.
584 2178 712 2218 Haud
740 2194 877 2235 pauca
906 2178 1042 2231 honae
1072 2180 1210 2236 frugis
1240 2181 1366 2238 plena
1383 2181 1574 2225 Joannes

125 2244 436 2287 Grammaticus
477 2246 779 2304 suppeditavit.
858 2246 1019 2288 Contra
1059 2263 1166 2304 quae
1210 2247 1446 2306 Gregorius
1492 2249 1573 2291 Co-

122 2313 310 2355 rinthius
350 2314 400 2354 de
440 2329 518 2354 suo
562 2314 749 2368 addidit,
808 2313 1032 2355 maximam
1070 2322 1232 2371 partem
1271 2316 1415 2373 inepta
1446 2324 1573 2373 sunt,

125 2380 292 2423 scilicet
319 2380 457 2421 bonus
488 2381 716 2439 episcopus
745 2398 824 2439 pro
849 2382 1023 2423 Doricis
1049 2382 1261 2437 venditat,
1294 2400 1575 2442 quaecunque

78 2493 91 2499 ,
126 2448 239 2510 apud
277 2448 514 2489 Pindarum
553 2455 594 2489 et
631 2448 909 2490 Theocritum
952 2449 1130 2492 invenit.
1221 2451 1351 2492 Tales
1393 2450 1575 2509 ineptias

123 2515 252 2557 *anxie
290 2531 522 2572 recoquere
575 2532 700 2573 saepe
739 2532 816 2557 nos
852 2517 1006 2574 piguit.
1083 2518 1284 2560 Ceterum
1314 2534 1422 2575 quae
1460 2521 1574 2577 apud

127 2585 205 2626 hos
235 2583 466 2640 scriptores
496 2583 699 2640 leguntur
727 2583 826 2626 inde
857 2601 880 2625 a
908 2585 1049 2626 verbis
1070 2589 1231 2640 Κρῆτες
1263 2587 1303 2626 δὲ
1331 2585 1376 2627 τι)
1408 2587 1574 2629 &anav-

127 2650 196 2699 τὸς
229 2650 297 2699 α’«ίς
328 2650 426 2703 (Gr.
464 2650 514 2692 C.
551 2667 594 2708 p.
627 2651 754 2703 345),
802 2652 931 2708 vulgo
963 2652 1134 2695 Cretica
1163 2659 1391 2710 putantur,
1422 2670 1573 2714 perpe-

129 2730 245 2772 ram,
302 2717 462 2776 quippe
505 2734 613 2775 quae
655 2726 726 2759 aut
766 2720 963 2761 omnibus
1004 2720 1293 2762 Doriensihus
1331 2723 1573 2765 eommunia

131 2785 242 2839 sint,
300 2792 373 2827 aut
410 2786 504 2828 aliis
546 2786 776 2843 generibus
817 2787 1016 2845 propria,
1078 2795 1124 2829 ut
1163 2788 1319 2842 βέντιον
1351 2796 1392 2831 et
1420 2789 1572 2844 ἔβασον
