1779 3079
188 211 284 260 190
723 208 795 255 De
825 207 1084 256 vocalibus.

186 346 306 387 1282.
344 343 450 385 1373
480 350 521 383 et
550 343 774 390 Σοίξιππος·
806 357 868 382 nr.
897 343 1004 385 1457
1035 342 1090 384 cf.
1124 342 1239 384 Keil.
1275 343 1423 385 Anall.
1460 360 1502 402 p.
1530 345 1626 398 117,

182 428 314 471 quum
346 412 390 452 in
418 410 654 466 Anaphaeo
686 425 749 450 nr.
782 410 893 452 2477
923 419 964 451 et
994 410 1037 450 in
1067 409 1163 452 aliis
1194 410 1506 452 recentioribus
1538 416 1627 452 Σω-

184 482 326 529 σικλῆς
346 486 388 520 et
412 477 570 520 similia
593 478 804 535 legantur.
866 478 956 519 Iota
986 478 1029 518 in
1062 479 1176 530 σῴζω
1210 478 1446 520 seeundum
1471 478 1541 520 Et.
1565 477 1626 521 Μ.

181 549 279 601 741,
302 548 357 589 27
386 547 411 596 ἡ
445 544 677 598 παράδοσις
707 545 831 586 etiam
863 545 906 586 in
938 546 1105 603 vulgari
1134 546 1286 604 lingua
1313 546 1519 600 habehat,
1551 561 1630 588 nee

180 632 276 658 raro
306 615 477 657 codices
517 621 558 654 et
587 613 702 654 tituli
733 614 943 665 offerunt,
991 613 1075 655 vid.
1109 614 1224 655 Reil.
1257 614 1407 656 Anall.
1452 630 1496 672 p.
1531 614 1627 656 115.

178 685 275 727 Jam
305 683 464 725 Dorica
495 682 702 723 dialectus
735 681 887 722 docere
918 681 1113 735 videtur,
1164 682 1305 734 σῴζω,
1353 682 1467 739 quod
1503 689 1568 723 est
1606 697 1629 723 e

181 755 314 801 σωῖζω
344 758 516 803 natum,
558 749 704 791 verius
736 764 857 801 esse,
891 764 1021 805 quum
1053 749 1252 791 Lacones
1283 749 1387 791 adeo
1418 749 1463 790 in
1493 751 1630 798 σοῖξαι

177 829 257 863 ete.
291 818 506 877 propriam
537 817 849 874 diphthongum
882 831 1097 857 assumere
1128 817 1368 874 potuerint,
1428 817 1512 858 nisi
1557 834 1631 858 σο-

159 892 258 943 ,ἴξαι
288 887 475 929 seribere
507 891 721 942 praestat,
768 898 953 939 quocum
986 898 1205 940 compares
1238 883 1461 938 ἀᾳηροΐξαι
1492 884 1626 926 Ther.

175 956 300 999 2467.
334 954 470 1005 2471,
525 952 639 1009 quod
670 950 915 992 Boeekhius
945 951 1125 992 fortasse
1159 967 1246 993 non
1276 959 1389 993 reete
1428 951 1472 992 in
1520 951 1628 1004 άᾳη-

179 1026 323 1075 ρωῖξαι
355 1020 545 1061 mutavit.
609 1018 765 1059 Contra
795 1018 933 1072 χρῄζω
965 1019 1059 1059 sine
1092 1018 1177 1060 iota
1208 1018 1288 1074 (ef.
1325 1019 1394 1060 Et.
1430 1019 1491 1060 M.
1527 1019 1626 1073 815,

175 1090 223 1145 4)
271 1090 430 1145 legitur
470 1088 515 1128 in
545 1087 679 1128 Ther.
720 1086 845 1128 2448.
897 1086 1031 1134 VIII,
1067 1086 1118 1128 15
1157 1094 1198 1128 et
1236 1087 1380 1128 Rhod.
1414 1087 1552 1139 2525,
1583 1087 1626 1128 b.

173 1160 255 1211 94,
290 1171 533 1216 quanquam
564 1154 702 1210 χρῄζω
736 1154 999 1203 (Boeekhius
1030 1154 1179 1196 maluit
1198 1157 1371 1209 χρηϊζω)
1403 1154 1446 1196 ἰη
1469 1156 1623 1213 Astyp.

173 1227 300 1269 2483.
371 1224 493 1265 Mero
533 1238 677 1264 errore
708 1223 907 1276 τέτρῳρος
940 1222 1147 1280 seriptum
1181 1222 1352 1264 videtur
1380 1223 1552 1264 Heracl.
1589 1223 1624 1276 I,

173 1296 253 1348 42,
300 1309 429 1350 quum
462 1291 621 1332 ibidem
652 1291 698 1342 I,
734 1291 810 1331 111
843 1292 1043 1343 u'rpmpog
1071 1291 1253 1348 legatur.

287 1360 386 1402 Non
427 1359 600 1402 omnino
639 1365 798 1399 temere
829 1358 962 1405 κειινός
993 1374 1068 1416 pro
1100 1358 1214 1406 κενός
1243 1357 1449 1399 Doricum
1483 1358 1625 1399 vocari

173 1430 344 1471 videtur
373 1428 416 1469 in
449 1427 611 1469 Scholl.
648 1426 777 1468 Pind.
813 1426 884 1467 Ol.
918 1425 1013 1479 Ill,
1047 1428 1115 1468 81.
1178 1425 1286 1467 Nam
1321 1433 1361 1467 et
1390 1425 1500 1467 N.P.
1534 1429 1627 1469 Ξει-

174 1497 321 1544 Υυιάὸαιςε
353 1496 512 1552 legitur
542 1495 586 1536 in
607 1495 748 1536 Rbod.
775 1494 902 1547 2538,
937 1509 1062 1550 quam
1082 1494 1133 1535 ad
1155 1510 1345 1536 normam
1366 1492 1625 1550 corrigimus

175 1565 385 1615 Ξηνιάδας
416 1564 459 1604 in
482 1562 662 1620 Agrig.,
691 1571 731 1603 et
755 1564 881 1612 ξεῖνος
903 1563 1016 1619 apud
1036 1562 1381 1603 Timocreontem
1407 1560 1624 1603 Rhodium

172 1634 226 1674 fr.
274 1634 327 1685 1,
381 1639 427 1673 ut
467 1631 627 1672 Rhodii
669 1630 884 1687 antiquam
931 1631 1109 1671 formam
1149 1632 1343 1671 tenuisse
1383 1629 1623 1678 videantur,

175 1716 416 1759 quanquam
449 1699 645 1756 plerique
668 1700 807 1739 Dores
833 1699 944 1746 ξένος
973 1705 1014 1738 et·
1036 1696 1150 1744 κενός
1173 1698 1461 1755 proferebant.
1511 1697 1624 1739 Con-

175 1776 234 1809 tra
283 1767 504 1821 ᾳανειρός,
553 1769 629 1815 εἰν,
679 1768 1013 1819 ἔπιᾳαιιείστατος
1051 1765 1094 1805 in
1136 1765 1460 1822 corruptissimo
1500 1766 1624 1807 titulo

171 1837 430 1892 Aeginetico
462 1851 528 1875 nr.
556 1834 668 1876 2140
708 1849 792 1875 non
823 1834 962 1890 magis
994 1848 1087 1873 eum
1119 1831 1303 1873 Miillero
1335 1841 1376 1873 et
1405 1832 1622 1873 Boeckbio

172 1905 224 1944 ad
274 1904 536 1960 singularem
582 1903 793 1959 quandam
841 1901 1011 1941 dialecti
1053 1900 1357 1957 proprietatem
1401 1899 1621 1940 referenda

173 1971 370 2012 ducimus
402 1985 527 2027 quam
560 1970 760 2021 ειί-ὁογεινῆ
777 1969 934 2025 Delph.
964 1968 1070 2009 1699
1102 1968 1168 2007 vel
1192 1968 1345 2007 πείὸιον
1378 1968 1419 2007 in
1442 1966 1617 2023 Corcyr.

171 2039 307 2091 1840,
341 2054 449 2095 quae
481 2037 664 2078 con-exit
693 2036 952 2077 Boeckhius.

282 2106 327 2155 8)
375 2105 464 2147 Iota
495 2104 715 2145 xoealibus
747 2102 946 2144 finalibus
981 2100 1271 2157 subscriptum
1304 2117 1387 2141 non
1412 2101 1623 2142 omittitur

170 2174 214 2214 in
251 2173 390 2214 titulis
431 2173 576 2230 naullo
615 2171 934 2228 antiquioribus
974 2177 1014 2210 et
1057 2168 1388 2224 integrioribus,
1437 2178 1619 2226 p1·a·-(‘te1

172 2257 299 2298 quam
342 2240 387 2281 in
431 2239 732 2296 conjunctivo,
785 2245 829 2278 ut
874 2238 946 2291 ἅμ,-
994 2253 1068 2294 pio
1111 2237 1181 2291 ἅ,-
1268 2236 1349 2276 sid.
1390 2236 1429 2289 ς’.
1464 2238 1542 2290 35,
1577 2238 1617 2279 3.

172 2310 300 2362 Quod
333 2308 374 2349 in
409 2308 556 2349 Herm.
598 2308 723 2355 1193,
759 2305 937 2362 Corcynl
975 2305 1080 2345 1843
1113 2312 1151 2344 et
1185 2304 1227 2343 in
1261 2303 1383 2344 titulo
1413 2304 1621 2345 Alaesino

169 2372 340 2433 saepius
372 2376 416 2416 in
451 2375 604 2417 dativis
639 2375 877 2430 neglectum
918 2381 1006 2431 est,
1057 2371 1392 2412 describentium
1432 2371 1620 2413 incuriae

169 2444 364 2496 tribuas,
398 2443 511 2484 tituli
541 2443 833 2484 Romanorum
866 2441 1166 2498 imperatorum
1199 2447 1331 2479 aetate
1363 2439 1509 2495 scripti
1541 2441 1618 2481 hac

169 2513 211 2552 in
245 2527 288 2552 re
320 2527 403 2552 non
435 2511 732 2569 diligentiores
767 2524 861 2550 esse
894 2508 1055 2556 solent,
1091 2507 1125 2547 si
1152 2506 1255 2563 quid
1278 2506 1429 2547 Dorici
1453 2516 1613 2559 tenent,

167 2595 292 2635 quam
325 2579 399 2635 qui
432 2579 597 2636 vulgari
630 2578 776 2634 lingua
811 2583 1001 2616 utuntur.
1084 2575 1341 2631 Quanquam
1383 2575 1487 2615 adeo
1530 2575 1615 2631 By-

167 2646 402 2687 zantiorum
453 2647 666 2687 det-retum
707 2661 770 2685 nr.
805 2644 915 2684 2060
961 2659 1065 2697 non⁸
1091 2651 1186 2682 ante
1230 2642 1395 2683 Tiberii
1441 2650 1616 2682 aetatem

167 2715 371 2770 seriptum
397 2730 615 2771 nunquam
653 2714 734 2754 iota
767 2727 850 2752 non
884 2711 1144 2767 adscriptum
1175 2710 1297 2750 babet
1321 2717 1616 2765 praeterquam

167 2782 209 2821 iu
244 2781 532 2834 conjunctivo.
