1779 3079
276 216 315 275 §.
352 218 433 266 35.
506 220 578 265 De
614 226 934 282 systematum
971 217 1275 265 formatione.
1403 217 1507 266 289

62 361 259 408 constat,
292 362 338 396 ut
367 362 465 413 post
495 354 686 412 liquidas
717 369 735 394 ε
763 353 1054 404 insereretur,
1088 354 1243 396 deinde
1277 371 1301 396 σ
1330 355 1510 409 ejicere-

13 431 14 435 ’
61 429 156 475 tur,
207 431 253 464 ut
283 439 306 464 e
336 424 511 463 τέν-σω
541 423 711 471 τενέσω,
762 422 911 469 τενέω,
951 425 1065 462 uvel
1141 422 1236 463 Jam
1268 423 1312 463 in
1344 421 1509 463 Doride

61 506 193 548 quum
223 490 307 532 duo
338 506 356 531 ε
385 496 715 541 concurrerent,
747 489 928 530 alterum
950 489 1134 543 ejectum
1156 498 1246 543 est5
1279 489 1510 548 vestigium

59 565 202 599 tamen
236 558 332 613 ejus
364 559 408 598 in
439 556 798 598 Heracleensium
830 556 1011 598 dialecto
1044 556 1402 613 deprehenditur,
1436 556 1512 614 qui

60 626 191 683 primi
222 626 357 667 futuri
386 624 552 675 tertiam
583 624 794 681 pluralem
827 623 982 665 υἱσόντι
1011 623 1195 676 habent,
1231 624 1409 664 secundi
1443 623 1515 677 ἀγ·-

59 695 252 746 stimme,
285 707 424 749 neque
455 692 636 733 fortasse
667 692 792 734 aliter
821 691 1122 749 explicandum
1153 697 1246 743 est,
1280 691 1396 748 quod
1427 691 1513 748 Ly-

63 760 181 802 sIstr.
217 761 296 802 183
329 758 542 812 ὁμιώμεθα
573 767 637 800 est
665 775 745 816 pro
777 758 1018 811 ὀμούμεθα,
1061 774 1147 800 non
1181 757 1400 810 ὀμιόμεθα.

173 828 334 869 Futura
364 827 527 885 passivi
559 829 600 868 h.
626 843 663 868 e.
698 827 774 868 illa
806 827 977 878 futura,
1009 841 1118 883 quae
1150 825 1200 866 ab
1227 825 1398 866 aoristis
1420 841 1514 881 pas-

62 894 144 937 sivi
178 894 451 948 derivantur,
499 895 543 936 in
575 895 741 936 Doride
783 911 880 936 eum
912 894 1020 952 ipsis
1051 892 1222 935 aoristis
1253 892 1515 933 terminatio-

61 978 140 1004 nes
172 962 410 1017 objeetivas
441 963 645 1005 habuisse
676 963 895 1004 videntur.
943 961 1136 1003 Primum
1170 961 1212 1001 in
1236 960 1368 1001 Ther.
1387 961 1513 1001 2448.

63 1031 110 1083 Ι,
151 1029 205 1071 25
246 1029 448 1071 traditum
497 1037 561 1072 est
606 1032 963 1084 συναχθησοῦντι,
1025 1029 1140 1086 quod
1178 1028 1425 1069 Boechhius
1472 1027 1516 1067 in

67 1100 424 1151 συιιαχθησοῦνται
469 1099 679 1151 mutavit3
743 1097 900 1138 deiude
947 1097 990 1137 iu
1029 1096 1231 1153 Astypal.
1279 1096 1418 1144 2483,
1465 1093 1519 1135 ⁸25

64 1166 390 1218 ἐπιμεληθη..ει
442 1166 576 1206 multo
634 1165 807 1207 facilius
862 1165 906 1205 in
951 1164 1247 1216 ἐηιμεληθησεῖ
1285 1163 1518 1203 mutaveris

63 1249 190 1290 quam
221 1249 318 1274 eum
348 1232 568 1274 Boechhio
600 1232 645 1273 in
677 1232 1022 1285 ἐπιμεληθήσεται
1061 1239 1133 1272 aut
1170 1231 1314 1288 potius
1357 1231 1400 1270 in
1433 1231 1520 1269 ἐπι-

64 1302 381 1354 μεληθησεῖται,
413 1308 501 1341 tum
519 1299 730 1342 Doricum
753 1299 997 1349 ωἀτωθνίσω
1021 1315 1097 1357 pro
1125 1298 1370 1350 ἀκούσομαι,
1405 1298 1519 1354 quod

64 1368 269 1418 Photius,
303 1367 489 1415 suidas,
523 1367 771 1425 Hesychius
803 1369 1009 1421 afferunt,
1055 1367 1167 1408 haud
1198 1366 1326 1407 dubie
1358 1372 1423 1406 est
1454 1366 1519 1405 fu-

64 1444 206 1477 turum
236 1436 422 1493 primum
456 1435 617 1493 passivi
649 1452 672 1477 a
700 1436 831 1477 verbo
862 1436 1046 1493 quodam
1080 1433 1238 1477 οὐατόω
1272 1434 1381 1474 male
1413 1433 1521 1474 illud

65 1519 89 1544 a
119 1504 247 1545 variis
279 1503 416 1545 doctis
448 1503 491 1543 in
526 1503 836 1554 οἷατωθήσομαι
856 1510 1060 1544 mutatum
1087 1502 1173 1543 vid.
1198 1502 1237 1554 ξ.
1267 1503 1335 1552 31,
1370 1509 1457 1541 not.
1477 1503 1519 1542 0.

65 1571 290 1613 Postremo
308 1572 420 1629 apud
437 1571 741 1612 Archimedem
756 1572 892 1612 Aren.
916 1587 957 1627 p.
979 1571 1056 1612 331
1082 1578 1146 1611 est
1168 1568 1381 1621 ᾳαιιήσειιι,
1408 1568 1524 1624 quod

66 1638 316 1680 Lobeekius
347 1639 399 1678 ad
421 1639 584 1691 Buttm.
605 1640 794 1680 Gramm.
830 1638 872 1678 ll
903 1654 946 1694 p.
967 1639 1045 1679 311
1080 1653 1102 1678 e
1135 1637 1401 1689 (μανήσεσθαι
1433 1651 1522 1675 eor-

66 1714 238 1763 ruptum
270 1722 366 1747 esse
398 1695 668 1763 suspicatur,
701 1713 742 1746 et
763 1706 814 1746 de
838 1704 1019 1746 Couoid.
1056 1722 1098 1761 p.
1123 1704 1205 1745 ,277
1238 1706 1523 1756 δειχθῃσοῐνιι

69 1773 187 1825 (eod.
229 1773 328 1814 Par.
371 1773 406 1813 Β
450 1775 788 1827 ὃδιχθησοῦνται,
837 1772 886 1813 C.
930 1773 987 1813 D.
1030 1772 1143 1813 Veu.
1194 1769 1520 1824 ()'6121f})}‹5‘)lssczl⁸v.

70 1842 184 1882 idem
214 1857 257 1898 p.
282 1841 365 1882 278
397 1840 467 1891 (B.
503 1842 856 1895 ὃειχθησοῦιιται),
889 1847 1016 1898 atque
1048 1842 1184 1880 Aren.
1219 1856 1260 1895 p.
1287 1837 1369 1879 32ss
1399 1837 1525 1877 Basi—

68 1908 231 1951 leensis
270 1908 400 1949 lectio
444 1909 642 1962 ὁειχθεῖσι
684 1916 726 1949 et
766 1910 1008 1961 ὃειχθεισώυ
1052 1908 1096 1948 in
1130 1907 1228 1947 Par.
1264 1906 1303 1945 A
1336 1920 1414 1962 pro
1447 1906 1528 1944 δει-

68 1975 311 2031 χθήσεσθαι
341 1976 524 2017 fortasse
546 1977 782 2033 genuinam
812 1976 1040 2017 lectionem
1069 1975 1302 2029 ὸέιχθησεῖν
1321 1972 1523 2029 produnt.

71 2044 155 2085 His
173 2043 384 2101 exemplis
402 2044 595 2101 exeeptis
617 2044 729 2102 apud
742 2043 1047 2084 Archimedem
1072 2058 1120 2083 ea
1142 2043 1283 2083 futura
1309 2056 1528 2096 nunquam

72 2118 286 2152 eontracta
327 2111 600 2168 reperiuntur
640 2127 780 2168 neque
821 2111 866 2151 in
908 2110 1172 2151 editionibus
1212 2124 1352 2164 neque
1385 2108 1428 2147 in
1460 2122 1527 2147 eo-

73 2177 216 2219 dieum
247 2178 362 2218 varia
391 2179 603 2233 lectione,
664 2179 739 2220 sed
781 2178 946 2236 ubique
987 2179 1188 2234 vulgares
1233 2177 1424 2227 formae,
1486 2181 1531 2213 ut

75 2243 339 2299 δειχθήσεται
370 2245 421 2286 de
451 2246 577 2288 Plan.
610 2247 724 2304 Aeq.
759 2263 802 2304 p.
835 2246 887 2297 6,
921 2245 972 2287 de
1004 2245 1166 2298 Quadr.
1202 2243 1356 2284 Fui-ab.
1392 2258 1434 2298 p.
1460 2241 1527 2280 ⁶22.

73 2313 129 2356 24
161 2319 203 2353 et
233 2312 515 2369 saepissime,
552 2313 839 2368 δειχθήσονται
872 2313 923 2354 de
956 2313 1063 2354 Con.
1100 2329 1140 2369 p.
1172 2311 1280 2363 276,
1315 2306 1524 2361 διαιρεθή-

78 2396 190 2421 σεται
228 2380 280 2421 de
318 2379 443 2420 Plan.
476 2379 589 2436 Aeq.
635 2396 677 2436 p.
710 2381 763 2434 8,
809 2380 1076 2433 λειφθήσεται
1115 2387 1155 2420 et
1195 2375 1533 2430 κρεμασθήσεται

76 2447 128 2488 de
161 2447 327 2500 Quadr.
355 2446 510 2487 Parab.
549 2463 588 2503 p.
608 2448 688 2500 24,
719 2443 1021 2500 τμαθὴσονταί
1043 2447 1093 2488 de
1115 2448 1237 2487 Plan.
1269 2445 1382 2500 Aeq.
1416 2460 1458 2500 p.
1480 2441 1534 2482 35

77 2522 158 2556 ete.
203 2523 284 2555 ete.
359 2513 454 2555 Jam
484 2529 584 2554 vero
616 2530 746 2570 quum
783 2516 826 2555 in
859 2515 1038 2571 reliquis
1072 2514 1229 2554 futuris
1262 2527 1356 2551 raro
1390 2510 1534 2564 vulga-

76 2597 146 2623 res
176 2581 338 2622 formae
378 2597 456 2637 pro
487 2580 663 2622 Doricis
703 2582 933 2638 legantur,
978 2583 1220 2622 futurorum
1264 2577 1535 2635 passivorum

77 2649 338 2706 peculiarem
371 2648 584 2705 quandam
617 2649 823 2690 rationem
857 2665 952 2690 esse
983 2655 1171 2705 apparet.
1246 2646 1336 2686 Aut
1368 2643 1533 2685 librarii

79 2715 384 2757 insolentiores
415 2716 575 2756 formas
606 2715 790 2757 Dorieas
821 2732 916 2757 eum
946 2713 1326 2757 terminationibus
1359 2711 1539 2766 objecti-

78 2782 143 2824 vis
173 2784 217 2823 in
251 2784 450 2839 vulgares
481 2789 731 2836 mutarunt,
763 2791 833 2825 aut
862 2784 958 2840 ipse
981 2781 1265 2825 Archimedes
1298 2781 1540 2821 futurorum

155 2868 214 2909 11.
1236 2867 1285 2908 19
