1779 3079
239 192 304 241 36
719 193 761 252 §.
793 194 839 242 4.
910 195 984 241 De
1016 174 1201 257 spiritu.

241 331 391 373 Leakii
429 347 493 373 nr.
525 331 577 373 71
623 330 792 389 saepius
832 332 972 389 asperi
1014 331 1187 388 signum
1217 330 1509 389 conspicitur,
1555 347 1696 391 neque

242 407 383 440 tamen
414 399 501 440 ulla
531 414 614 440 vox
644 414 695 440 eo
725 398 932 441 instructa
963 407 1078 442 certo
1110 398 1197 455 legi
1227 399 1412 456 potest),
1444 414 1584 456 neque
1606 415 1694 442 om-

242 482 318 506 nes
350 466 631 508 constantiam
662 466 707 508 in
737 467 1017 524 exprimendo
1048 482 1200 524 aspero
1232 473 1428 521 servant,
1474 472 1522 507 ut
1549 466 1593 508 in
1623 483 1695 524 ga-

242 534 309 575 lea
350 534 555 575 Hieronis
597 551 665 575 nr.
700 534 752 576 16
792 542 833 576 ct
881 533 1044 589 Ινιάρων
1089 534 1296 592 scriptum
1343 542 1409 575 est
1454 541 1497 576 et
1539 552 1559 576 ο
1602 534 1696 576 sine

242 616 426 658 aspero,
489 602 602 643 unde
653 603 879 643 articulum
926 602 1067 659 asperi
1113 617 1219 643 sono
1261 601 1450 643 caruisse
1492 601 1697 658 colligere

243 668 333 709 noli
357 668 407 724 ¹).
467 669 694 711 Postremo
724 670 768 710 in
800 669 999 710 omnihus
1038 670 1176 711 titulis
1216 670 1267 711 de
1299 685 1451 727 aspero
1481 668 1697 724 conjicere

242 736 344 777 licet
373 754 395 778 e
426 737 545 778 tenui
576 738 853 779 antecedente
885 737 929 778 in
961 738 1187 795 aspiratam
1225 745 1409 792 mutata,
1468 754 1555 779 non
1597 736 1697 778 item

243 820 267 845 e
307 803 539 846 mutatione
570 805 766 861 neglecta
797 804 848 844 de
879 804 1033 861 spiritu
1064 805 1180 859 leni,
1223 812 1271 846 ut
1299 806 1411 846 infra
1439 805 1697 846 videbimus.

354 872 399 922 2)
458 872 507 912 In
548 872 704 912 tabulis
743 871 1108 913 Heracleensibus
1150 874 1309 930 (neque
1354 873 1477 914 aliter
1516 873 1560 914 in
1599 871 1697 913 reli-

242 938 342 996 quis
372 939 535 992 titulis,
582 939 655 995 qui
689 938 830 996 asperi
866 939 1039 996 signum
1070 944 1276 993 norunt),
1325 956 1450 997 asper
1488 940 1614 981 etiam
1653 939 1699 980 in

248 1004 496 1063 compositis
527 1005 722 1063 appictus
762 1014 849 1058 est,
910 1014 957 1048 ut
996 1006 1296 1059 ἇνΙνελόμενος,
1359 1007 1435 1049 sed
1474 1006 1700 1059 omittitur,

250 1074 321 1114 ubi
364 1074 620 1115 antecedens
662 1074 804 1115 tenuis
835 1074 879 1115 in
912 1067 1139 1132 aspiratam
1169 1075 1363 1126 transiit,
1410 1082 1457 1116 ut
1488 1072 1703 1127 ἀφομοιώ-

250 1158 369 1181 σωντι
397 1148 442 1182 et
473 1141 584 1195 ἀφεῖς
614 1157 692 1199 pro
726 1141 795 1195 ἀφ’
829 1141 899 1190 ἇς,
942 1142 1000 1183 ita
1038 1149 1084 1183 ut
1113 1150 1284 1183 tenuem
1314 1142 1458 1200 potius
1489 1158 1586 1184 cum
1616 1140 1702 1199 spi-

245 1208 328 1249 ritu
360 1224 510 1266 aspero
541 1209 585 1250 in
616 1210 843 1267 aspiratam
884 1210 1124 1251 coalescere
1168 1217 1382 1268 appareat.
1459 1210 1556 1253 Jam
1599 1224 1702 1251 vero

243 1276 599 1318 Hcraclcensium
640 1278 847 1319 dialectus
889 1294 986 1319 cum
1026 1277 1194 1335 vulgari
1230 1278 1380 1335 lingua
1417 1294 1616 1336 asperum
1656 1276 1701 1318 in

244 1343 312 1383 his
343 1359 612 1386 communem
640 1345 797 1386 hahet:
831 1345 874 1386 in
909 1345 1090 1387 articulo
1121 1347 1169 1400 ὁ,
1204 1346 1228 1385 οἱ
1259 1352 1301 1386 et
1329 1346 1530 1387 omnibus
1560 1344 1703 1387 relati-

246 1411 334 1461 vis,
367 1417 414 1451 ut
449 1412 559 1465 οἶος,
593 1413 719 1466 ὅσος,
753 1414 834 1462 οἷς,
879 1412 927 1461 ἇς
957 1429 1036 1471 pro
1068 1416 1166 1467 ἕως,
1212 1420 1430 1470 practerea
1463 1414 1571 1466 ἅμα,
1605 1413 1703 1466 ἁμές

244 1493 323 1536 pro
360 1480 503 1530 ἡμεῖς,
551 1480 767 1535 ἑκάτερος,
815 1484 1010 1531 ἕκαστος,
1071 1480 1311 1533 ἇνὲλόμενος
1349 1488 1391 1523 et
1427 1482 1701 1531 ποθέλωνται,

245 1545 458 1587 ‹insama-aa
487 1548 539 1588 ab
571 1553 685 1602 ιἠμι,
739 1552 835 1589 {moe
866 1564 962 1590 cum
995 1548 1223 1603 derivatis,
1264 1548 1315 1598 ἧς
1345 1549 1372 1590 i.
1406 1566 1444 1591 e.
1479 1550 1560 1599 εἷς,
1606 1552 1700 1604 ἔξω,

244 1615 450 1668 εὑυισκω,
487 1616 661 1671 ἥμερος,
706 1618 779 1668 ἡμι
811 1617 856 1657 in
889 1616 1225 1674 compositione,
1261 1617 1384 1670 Ἠρα
1413 1617 1460 1658 in
1490 1616 1701 1676 composi-

243 1682 297 1722 tis
317 1683 480 1737 ,ἱαοός
509 1683 539 1724 i.
572 1700 610 1725 e.
645 1683 780 1735 ἱερός,
821 1685 1011 1733 Ἴστιέιος
1040 1684 1096 1725 N.
1131 1684 1183 1725 P.
1201 1715 1213 1738 ,
1258 1684 1374 1742 quod
1403 1685 1456 1726 ab
1488 1687 1600 1727 ἑστία
1630 1685 1699 1726 de-

243 1750 448 1792 scenderc
477 1752 674 1805 videtur,
717 1757 916 1793 ἵστασθαι
946 1752 991 1793 in
1024 1751 1338 1805 ἇμᾳίστασθαι,
1382 1753 1502 1803 ὁδός,
1559 1754 1701 1806 ὁμοῖος

242 1824 285 1858 ct
315 1820 389 1870 ὁμο
421 1819 464 1859 in
497 1820 836 1877 compositione,
890 1820 1005 1874 ὁράω
1037 1820 1081 1861 in
1113 1819 1313 1861 derivatis
1344 1820 1498 1876 ἔᾳορὸς
1529 1829 1570 1862 et
1600 1822 1701 1874 ε’ᾳυ-

244 1885 377 1936 ρὲὑω,
426 1886 538 1935 ὅστις
568 1895 610 1929 et
640 1888 728 1940 ὅτι,
771 1888 909 1942 ὕδωρ,
955 1887 1059 1936 ὑπό,
1106 1888 1225 1941 ὑπέρ.
1266 1912 1320 1917 -
1379 1887 1489 1929 Cum
1518 1888 1699 1931 Atthide

243 1968 436 2010 asperam
476 1954 593 1995 addit
632 1955 727 1997 voci
767 1958 900 2008 ἔργω,
962 1962 1008 1996 ut
1047 1954 1203 1996 docent
1239 1954 1475 2012 composita
1515 1954 1698 2011 ἇφέργω,

240 2019 419 2073 ἱφὲργω,
457 2025 651 2075 συνὲργω.

357 2086 519 2129 Contra
558 2090 776 2146 vulgarem
816 2104 977 2130 morem
1015 2105 1141 2147 asper
1179 2089 1446 2147 conspicitur
1483 2090 1527 2132 in
1572 2093 1696 2146 ἄκρο-

245 2155 403 2205 σκιριάι
433 2155 479 2208 l,
514 2156 580 2198 17.
615 2158 696 2210 23,
741 2156 855 2214 quod
896 2172 992 2198 cum
1038 2156 1166 2210 άκρός
1197 2158 1481 2215 compositum
1510 2159 1695 2215 videtur,

245 2221 420 2276 ἄρνησις
462 2223 507 2276 1,
548 2223 654 2278 108,
701 2227 810 2264 ima
849 2231 891 2265 ct
927 2224 1150 2279 derivatis,
1208 2230 1299 2274 ἴσος
1330 2226 1377 2280 Ι,
1412 2228 1516 2281 127,
1562 2245 1695 2286 quan-

243 2304 371 2346 quam
403 2289 447 2342 Ι,
481 2289 576 2332 101.
620 2292 701 2333 122
740 2299 805 2332 cst
843 2293 933 2340 ἴσος
973 2292 1066 2333 sine
1107 2308 1288 2350 aspero,
1351 2299 1506 2336 οἵσοντι
1549 2296 1694 2338 futuro

242 2372 265 2397 a
296 2357 408 2412 φέρω
442 2356 488 2410 Ι,
516 2357 621 2411 102,
655 2358 758 2399 &um
789 2366 830 2400 et
846 2359 1063 2414 derivatis,
1094 2365 1418 2416 πενταΙνετηρίς,
1450 2378 1692 2422 quanquam

243 2424 330 2471 ἔτος
361 2430 576 2481 practerea
605 2425 816 2482 digamma
846 2427 986 2468 habet.

353 2492 388 2532 E
422 2493 633 2535 contrario
663 2509 790 2551 asper
818 2494 937 2536 deest
966 2495 1010 2536 in
1043 2495 1164 2550 ὅρος,
1207 2497 1370 2553 sinis,
1411 2498 1591 2557 ejusque
1621 2499 1690 2542 de·

291 2659 323 2692 1)
372 2654 551 2688 Franzius
576 2654 691 2688 Elem.
719 2654 849 2697 Epigr.
878 2655 943 2689 Gr.
972 2667 1004 2700 p.
1031 2658 1075 2691 98
1115 2667 1161 2689 ex
1196 2657 1266 2689 hoc
1302 2657 1409 2691 titulo
1434 2663 1470 2690 et
1494 2667 1541 2690 ex
1567 2655 1690 2691 Attico
1742 2647 1750 2677 .'

241 2713 280 2744 C.
309 2712 334 2744 1.
371 2722 423 2744 nr.
456 2713 515 2753 12,
567 2712 628 2745 ubi
655 2709 710 2743 σθ’
756 2712 794 2751 (i.
822 2710 957 2755 (2801)
994 2721 1028 2747 et
1063 2715 1187 2759 Ι-ιρμες
1224 2714 1245 2747 i.
1282 2726 1313 2748 e.
1347 2713 1471 2760 Ἑρμῆς
1506 2714 1688 2756 leguntur,

241 2769 408 2812 colligit,
433 2769 553 2814 asperi
582 2769 725 2810 signum
754 2769 908 2813 primum
937 2771 971 2803 in
1004 2771 1145 2805 voculis
1170 2771 1288 2806 omitti
1315 2779 1484 2816 coeptum
1510 2782 1602 2806 esse.
