1779 3079
212 157 311 208 568
612 156 840 205 Addenda
876 167 922 205 et
958 157 1268 224 Corrigenda.

326 296 450 354 Pag.
483 295 564 339 199
606 296 637 337 l.
671 294 740 338 13.
820 293 948 338 Adde
984 293 1149 348 Ἑρμάν
1193 310 1270 352 pro
1310 292 1509 349 (Ερμάων
1556 291 1586 336 ἰ.
1620 309 1659 337 e.

211 364 375 421 Ἐρμῆς
404 363 450 405 in
479 363 640 420 hymno
670 363 812 405 Isiaco
842 378 884 404 v.
918 362 985 406 10.

325 433 450 489 Pag.
481 431 566 474 200
595 431 626 474 l.
659 429 701 473 6.
761 431 884 489 Lege
914 430 1152 485 „ycque'zpag-
1185 446 1264 488 pro
1293 429 1547 485 γημέτρης.“

325 499 465 542 Ibid.
510 499 543 541 l.
574 500 643 542 11.
702 499 864 541 Parum
902 508 1016 540 reete
1056 499 1309 553 Λευτυχίδας
1346 497 1538 540 Ionieam
1577 497 1664 539 sor-

211 584 323 610 mam
355 567 578 622 diximus3
629 583 728 608 nam
758 567 812 609 ad
842 583 934 610 eam
966 567 1196 608 dialectum
1226 566 1371 624 potius
1401 567 1666 620 Λεωτυχίδας

209 636 426 694 pertinet,
459 643 506 677 ut
530 636 661 693 vulgo
682 635 798 677 Laco
829 634 905 677 ille
936 635 1192 693 appellatur.
1254 634 1380 676 Illius
1411 633 1666 677 contractio-

211 703 280 745 nis
309 703 420 746 ratio
450 704 626 745 omnino
657 702 893 761 singularis
926 711 968 744 et
997 702 1261 760 perobscura
1292 709 1372 743 est.

323 770 466 814 Ibid.
514 786 591 812 nr.
632 771 672 814 8.
747 770 913 813 Eodem
954 769 1140 827 pertinet
1179 769 1399 812 Minervae
1445 768 1666 826 epitheton

214 842 428 893 Πολιᾶχος
456 838 501 880 in
532 839 660 881 titulo
684 837 907 880 Laconico
937 853 1005 877 nr.
1021 837 1074 879 71
1106 836 1240 877 Leah.
1275 852 1297 878 e
1329 836 1512 878 Seidelii
1543 837 1666 878 sehe-

210 906 281 948 dis
308 906 420 949 bene
450 923 473 948 a
503 906 648 948 Heilio
678 905 889 963 agnitum.
955 903 1105 946 Minus
1136 911 1277 946 tamen
1307 911 1422 946 recte
1455 905 1666 958 Πολίαχος

210 974 417 1032 scripsit3
478 990 577 1015 nam
610 976 823 1027 Πολιᾶχος
854 973 973 1029 justa
1005 973 1298 1015 contractione
1327 972 1491 1014 Dorica
1519 987 1543 1013 e
1575 975 1667 1013 Πο-

210 1042 377 1097 λιαόχος
405 1042 566 1083 factum
595 1048 662 1082 est
690 1048 738 1082 ut
766 1042 900 1099 vulgo
930 1044 1151 1096 πολιοῦχος
1181 1056 1204 1082 e
1229 1040 1463 1096 πολιοόχος.

322 1109 450 1167 Pag.
482 1109 564 1153 201
605 1125 681 1151 nr.
713 1109 756 1152 9.
827 1108 936 1151 Item
976 1109 1170 1166 vulgaris
1211 1109 1516 1151 contractionis
1556 1108 1666 1152 ratio

210 1184 427 1235 spectatur
459 1178 505 1219 in
536 1177 786 1220 nominihus
819 1176 1009 1235 propriis
1039 1177 1301 1234 quibusdam
1331 1178 1383 1219 ab
1415 1177 1565 1232 ἀγλαός
1596 1177 1666 1220 de·

211 1245 550 1300 scendentihus,
602 1261 711 1304 quae
754 1245 966 1304 singulari
1006 1261 1142 1303 prope
1172 1245 1496 1302 Theraeorum,
1548 1247 1666 1289 Ana-

207 1314 472 1372 phaeorum‚
505 1313 829 1371 Cyrenaeorum
849 1329 967 1355 more
990 1314 1160 1356 vocales
1184 1315 1481 1371 conjungunt:
1509 1314 1667 1368 ’Ἃγλων

209 1382 257 1424 in
301 1382 480 1441 antiquo
524 1383 653 1424 titulo
693 1382 893 1424 Theraeo
938 1398 1004 1423 nr.
1039 1381 1078 1423 1.
1111 1382 1138 1423 l)
1180 1384 1226 1423 B.
1260 1386 1305 1424 A.
1353 1399 1431 1440 pro
1468 1381 1664 1437 Ἀγλάων,

208 1448 473 1504 Ἀγλωφάνης
511 1450 556 1491 in
589 1451 725 1492 Ther.
758 1450 884 1493 2460.
917 1450 1027 1493 2461
1073 1458 1114 1492 et
1153 1451 1250 1493 215.
1282 1451 1362 1493 221
1396 1451 1451 1492 R.
1472 1482 1485 1505 7
1532 1467 1666 1509 quum

211 1516 264 1560 C.
282 1519 318 1560 I.
352 1534 418 1560 nr.
439 1517 551 1561 2463
581 1517 863 1573 Ἀγλαοφάνης
892 1518 1088 1576 legatur,
1121 1526 1162 1560 et
1190 1519 1365 1577 Anaph.
1399 1536 1464 1561 nr.
1483 1520 1565 1562 223
1587 1519 1665 1574 R.,

207 1593 427 1644 postremo
457 1585 717 1642 Ἀγλώμαχος
746 1586 912 1629 Herod.
946 1587 1025 1641 lv,
1054 1586 1159 1640 164,
1192 1587 1267 1644 qui
1298 1595 1366 1630 est
1396 1588 1662 1645 Cyrenaeus.

209 1653 246 1695 E
286 1654 426 1697 titulis
466 1671 554 1697 non
593 1655 771 1698 Doricis
810 1655 959 1697 confer
996 1653 1260 1710 Ἀγλωχάρης
1302 1662 1344 1697 et
1382 1655 1665 1708 Ἀγλωθέστης

209 1738 277 1764 nr.
303 1723 400 1765 119.
420 1723 502 1765 142
527 1723 582 1764 R.
600 1754 613 1776 ‚
655 1724 812 1766 deinde
842 1723 1117 1766 historiarum
1150 1723 1404 1782 scriptorem
1434 1723 1667 1779 Ἀγλωσθέ-

210 1807 283 1840 νης
311 1791 428 1833 Poll.
461 1791 554 1844 IX,
585 1791 655 1834 83.

322 1857 448 1915 Pag.
482 1859 564 1902 205
603 1858 674 1900 in.
738 1859 872 1902 Recte
908 1859 1202 1902 Callimachus
1232 1860 1340 1904 Lav.
1376 1861 1488 1904 Pall.
1519 1862 1558 1904 1.
1593 1862 1661 1905 15.

211 1926 293 1968 134
324 1926 574 1981 λωτροχόοι,
606 1929 662 1970 72
692 1930 816 1969 λῶντο
836 1959 847 1981 ,
882 1929 935 1971 73
963 1928 1114 1971 λώοικτο
1148 1938 1187 1975 (e
1219 1929 1360 1971 λύοντο
1391 1937 1432 1971 et
1461 1931 1660 1982 λοέοντο).

322 1993 461 2035 Ibid.
505 2010 579 2035 nr.
612 1996 666 2048 4,
699 2012 736 2036 a.
800 1996 965 2038 Eadem
996 1997 1241 2038 terminati0
1273 2014 1319 2039 ου
1359 2005 1577 2054 spectatur
1615 1999 1663 2040 in

211 2061 453 2119 Sporadum
485 2061 742 2104 Doricarum
775 2064 914 2105 titulis
948 2064 1177 2105 Rossianis
1198 2095 1210 2118 7
1264 2072 1305 2105 et
1335 2065 1443 2107 hene
1476 2066 1662 2109 Rossius

209 2130 427 2172 intellexit
464 2128 508 2171 in
540 2130 718 2189 antiquo
751 2131 875 2173 titulo
905 2132 1084 2188 Nisyrio
1124 2148 1189 2173 nr.
1226 2132 1306 2175 105
1346 2138 1421 2173 TO
1461 2151 1548 2176 nou
1587 2139 1662 2190 τῶ,

211 2199 290 2241 sed
320 2201 393 2240 τοῦ
427 2198 794 2257 pronuntiandum
836 2216 961 2254 esse,
1008 2200 1123 2258 quod
1159 2203 1199 2241 Ω
1239 2201 1402 2243 ibidem
1440 2212 1665 2261 appareret

209 2266 257 2308 in
291 2269 557 2309 XQPIOA'.

322 2334 457 2376 Ibid.
500 2335 531 2377 l.
564 2335 634 2379 25.
709 2335 862 2378 Lealaii
902 2338 1180 2395 apographon
1218 2337 1334 2381 tituli
1376 2338 1559 2397 Opuntii
1598 2340 1658 2382 ΙΙ.

209 2420 276 2446 nr.
309 2404 362 2446 30
394 2403 570 2460 praehet
600 2408 783 2446 AAMO
804 2435 814 2445 .
838 2437 846 2445 .
881 2413 923 2446 et
951 2410 1250 2447 L'l’OAAJs.
1270 2439 1278 2447 .
1300 2439 1309 2447 .

320 2472 448 2529 Pag.
481 2472 564 2515 209
612 2473 642 2514 l.
680 2473 745 2514 ll.
808 2474 928 2531 Lege
971 2472 1303 2530 „civ-acoffiqu'ovn
1341 2492 1418 2535 pro
1450 2476 1662 2520 ἀνακαθα-

210 2539 383 2594 ροὺσι.ζί

323 2609 448 2665 Pag.
482 2610 566 2651 210
595 2610 626 2651 l.
653 2609 719 2651 16.
781 2611 888 2652 Item
921 2610 964 2652 in
997 2611 1208 2668 lle-sychii
1242 2612 1400 2669 glossis
1430 2612 1659 2664 μόξοντι,

210 2676 483 2731 πυρέσσοντι,
516 2682 705 2719 πονοῦντι
737 2686 779 2720 et
808 2682 1096 2731 pt11‘3‘017v153
1127 2680 1241 2730 (cod.
1275 2683 1557 2734 μογξοῦντες),
1590 2698 1661 2722 πυ·

212 2744 457 2797 ρίσσοντες,
510 2749 727 2794 πονοῦντες
763 2746 1036 2789 scribendum
1069 2763 1165 2790 esse
1195 2748 1365 2790 videtur
1403 2751 1584 2802 μογιόντι
1620 2756 1662 2792 et
