1779 3079
431 169 473 229 §.
511 171 591 220 43.
663 173 735 218 De
766 169 1207 233 praepositionibus.
1440 171 1538 221 355

95 306 358 361 ἀναγράψαι,
401 306 629 359 ἀναθέμεν,
672 305 931 358 ἀνανεοῦται,
970 306 1293 360 παραγινόμενος
1324 334 1377 340 —-
1418 308 1536 350 Cret.

91 374 203 417 2555
235 373 559 428 ἀγγραψάντων,
590 374 702 417 2554
732 373 785 426 ἂμ
814 372 995 425 ποταμόν
1025 381 1067 415 et
1097 375 1145 415 ἂν
1175 374 1320 430 ῥάχιν,
1352 375 1428 418 sed
1457 376 1539 417 ibi-

94 443 189 484 dem
222 441 487 495 ἁναγινώσκω
519 449 560 484 et
589 440 748 482 similia
779 467 834 472 ——
865 439 982 482 Cret.
1002 441 1113 482 3050
1134 445 1399 497 παρδεγεται,
1431 461 1542 497 παρ-

92 510 228 559 καλεῖ,
275 510 359 566 πὰρ
389 513 438 561 τᾷ
469 517 510 550 et
540 508 837 557 ἅναδείκνυντι,
883 508 994 551 3047
1033 507 1116 561 πὰρ
1147 512 1225 549 ταῖν
1255 520 1296 552 et
1324 511 1439 564 παρὰ
1468 516 1539 561 τῶ,

91 576 202 619 3043
231 577 317 631 παρ
358 579 520 628 Τηΐων,
552 576 662 618 3058
693 574 918 629 ἅγγράψαι.

205 645 384 702 Reliqui
404 643 519 685 tituli
544 658 764 700 apocopen
794 642 1017 699 ignorant:
1049 642 1211 702 Delph.
1235 644 1370 686 Phoc.
1393 649 1538 690 Aetol.

90 712 254 754 Acarn.
289 712 466 768 Corcyr.
503 710 690 762 1838,1).
724 710 1037 753 1841—1844.
1084 711 1228 754 Rhod.
1270 713 1426 770 Astyp.
1463 715 1542 757 Ca·

90 778 226 834 lymn.
269 779 403 820 Ther.
451 777 568 820 Cret.
598 778 724 820 2550.
772 777 933 835 Cyren.
980 786 1091 832 etc.,
1134 780 1210 837 qui
1251 795 1400 822 omnes
1440 783 1542 823 Ale-

90 845 244 887 xandri
274 853 410 887 aetate
440 846 702 888 recentiores
726 853 842 887 sunt.
901 846 1153 888 Paullulum
1175 847 1395 901 miramur,
1428 850 1545 907 quod

90 912 138 954 in
169 913 339 955 Issensi
372 930 437 954 nr.
470 914 603 967 1834,
649 921 837 956 ceterum
879 913 1166 970 antiquiorem
1205 914 1397 958 indolem
1435 918 1543 959 rese·

91 988 238 1033 rente,
270 980 510 1034 ἀναγράψαι
540 981 736 1023 traditur.

206 1048 449 1106 Scriptores
489 1049 757 1107 antiquiores
798 1047 985 1105 genuina
1021 1047 1183 1092 Dorica
1222 1049 1404 1093 dialecto
1442 1068 1543 1093 usos

93 1131 312 1173 apocopen
353 1124 467 1157 certe
507 1132 594 1158 non
632 1116 774 1173 magis
804 1123 1022 1158 aversatos
1052 1131 1147 1158 csse
1178 1134 1304 1174 quam
1335 1119 1382 1160 fit
1410 1119 1456 1160 in
1486 1127 1545 1161 ta-

93 1183 209 1225 bulis
240 1182 609 1225 Heracleensibus
648 1191 690 1224 et
731 1183 915 1241 1·cliquis
956 1182 1096 1224 titulis
1126 1185 1272 1240 paullo
1302 1187 1546 1229 vetustiori-

0 1246 5 1285 ἓ
40 1295 41 1301 ¹
91 1251 193 1303 hus,
225 1259 562 1293 consentaneum
594 1259 674 1293 est.
735 1251 870 1308 Apud
891 1250 1197 1307 Epicharmum
1228 1253 1433 1309 leguntur
1454 1272 1547 1296 κατ·

93 1317 163 1360 τόν
194 1319 262 1361 19.
294 1319 375 1370 94,
420 1319 621 1371 κατθέμεν
650 1319 705 1361 48
744 1320 808 1371 (et
836 1320 1050 1359 κατθεῖναι
1080 1319 1197 1361 inter
1227 1336 1442 1379 syncopae
1477 1338 1547 1364 ex-

95 1386 237 1443 empla
266 1403 319 1428 ex
348 1386 612 1443 Epicharmo
642 1387 815 1427 affertur
845 1402 867 1427 a
897 1385 1134 1443 Tryphone
1158 1387 1263 1428 πάθ.
1284 1390 1363 1436 λέξ.
1397 1385 1436 1445 §.
1454 1391 1546 1443 23),

94 1453 313 1495 κατθανών
344 1455 450 1509 146,
501 1454 760 1496 ποττοὺτοισι
790 1454 866 1507 35,
913 1455 1117 1506 ποτθέμεν
1147 1455 1203 1497 94
1243 1456 1411 1507 (eontra
1443 1458 1548 1499 κατὰ

94 1521 227 1570 πόδας
258 1522 337 1576 18,
379 1521 482 1562 κατὰ
515 1522 640 1575 (χύσιν
668 1522 751 1575 04,
794 1523 1043 1575 καταφαγεῖν
1075 1523 1142 1564 19.
1176 1523 1258 1576 23,
1293 1527 1548 1576 καταμαθεῖν

95 1590 177 1643 95,
223 1589 427 1649 zat-affut&
456 1590 557 1643 99),
602 1589 705 1630 item
738 1589 792 1640 ἂμ
820 1588 1056 1642 πεντόγκιον
1083 1589 1242 1648 Epich.
1276 1591 1300 1631 5
1331 1599 1372 1632 et
1403 1592 1550 1634 (ἐνδού-

96 1673 208 1710 μενοι
239 1656 397 1713 Sophr.
430 1658 511 1711 97,
559 1672 638 1698 nec
683 1656 861 1697 dubium
901 1664 990 1710 est,
1037 1657 1142 1714 quin
1184 1657 1417 1712 ἇνανέμειν,
1462 1675 1549 1717 quo

98 1724 256 1766 Suidas
287 1724 597 1782 Epicharmium
626 1740 705 1781 pro
738 1723 1028 1776 ἀναγινώσκειν
1058 1740 1183 1766 usum
1216 1724 1345 1775 dicit,
1380 1743 1433 1768 ex
1461 1727 1549 1769 He·

99 1792 304 1848 sychiana
351 1792 496 1848 glossa
543 1791 750 1844 α’ννὲμειν,
797 1790 1089 1844 ἀναγινώσκειν
1132 1791 1294 1848 corrigi
1339 1801 1546 1850 oporteat.

97 1859 249 1916 Itaque
293 1875 380 1900 non
424 1859 628 1901 videntur
675 1858 862 1915 genuina
905 1862 1121 1916 παρατιθῇ
1173 1866 1215 1901 et
1256 1860 1372 1911 παρὰ
1412 1861 1550 1911 τήνοις

98 1927 257 1984 Epich.
293 1927 365 1969 111
403 1933 446 1967 et
476 1927 584 1978 124,
631 1942 740 1983 quae
772 1934 918 1968 contra
948 1926 1171 1968 titulorum
1202 1927 1379 1968 illorum
1409 1928 1550 1985 legem

97 2002 293 2051 peccant.
354 1994 462 2035 Item
492 1993 536 2035 in
558 1993 829 2050 Meg-arensis
848 1993 1157 2050 Aristophanci
1178 1993 1331 2036 'verbis
1361 2012 1552 2055 apocope

98 2069 276 2118 regnat:
322 2061 474 2114 ἄμβατε
504 2061 610 2114 698,
645 2061 821 2103 ἄντεινον
851 2062 958 2111 732,
993 2062 1041 2102 ἂν
1069 2061 1138 2102 τὸν
1168 2061 1305 2103 ὀδελὸν
1338 2062 1552 2117 ἇμπεπαρ-

100 2130 219 2181 μένον
248 2127 361 2181 762,
393 2128 542 2169 ποττάν
572 2136 614 2169 et
643 2128 763 2170 ποττό
795 2130 892 2172 698.
924 2130 1024 2171 717.
1058 2130 1164 2183 749,
1197 2146 1330 2171 unum
1362 2130 1552 2186 ἅναχνοι-

102 2198 212 2252 ανθῇ
230 2195 312 2237 757
341 2195 490 2237 Attico
520 2201 672 2253 poetae
701 2197 1021 2251 condonamus,
1054 2206 1095 2238 et
1115 2197 1292 2239 Doricis
1323 2198 1428 2239 adeo
1448 2203 1552 2255 po'e-

101 2264 156 2306 tis
186 2262 367 2305 licuisse
397 2269 622 2320 putamus,
654 2272 702 2305 ut
730 2264 856 2306 metri
886 2265 1021 2323 gratia
1054 2280 1244 2322 apocope
1268 2264 1551 2315 abstinerent,

103 2330 232 2389 quale
274 2337 339 2370 est
378 2333 469 2371 ποτὶ
497 2329 569 2370 τάν
598 2330 790 2373 Timocr.
823 2332 864 2373 6.
910 2358 964 2363 -—
1022 2331 1176 2389 Neque
1215 2331 1297 2372 alia
1337 2347 1553 2389 syncopae

100 2399 174 2441 lex
204 2404 379 2455 apparet
410 2397 453 2438 in
484 2397 749 2453 Lysistrata:
797 2398 844 2438 ι’ἓν
873 2397 950 2452 γάρ
986 2399 1122 2451 1001,
1169 2397 1424 2450 ἀμπτάμενος
1454 2400 1551 2452 106,

105 2465 386 2519 ἀμβαλώμεθα
419 2463 554 2518 1096,
603 2464 847 2517 ἀμπάλλοντι
879 2465 987 2507 1310
1017 2463 1234 2522 (neglecta
1265 2465 1309 2505 in
1341 2465 1554 2518 ἇναπεᾳα-

107 2533 260 2585 σμένως
291 2532 399 2575 1099
431 2547 621 2590 syncope
650 2533 814 2575 indicio
845 2541 936 2586 est,
968 2549 1116 2574 vocem
1148 2532 1201 2573 ad
1228 2532 1367 2574 Attici
1396 2533 1552 2576 oratio-

105 2616 203 2642 nem
232 2599 481 2641 trahendam
525 2615 620 2641 esse
658 2600 747 2641 vid.
790 2596 829 2656 ἓ.
861 2601 913 2642 41
958 2608 1047 2641 not.
1080 2597 1156 2652 2);
1205 2598 1287 2652 πὰρ
1318 2599 1388 2642 τὸν
1428 2601 1552 2654 1309,

107 2667 315 2722 πάρφαινε
356 2667 464 2718 183,
515 2681 646 2724 quare
686 2666 732 2707 in
769 2666 883 2720 παρὰ
922 2670 972 2718 τᾷ
1003 2670 1077 2718 σιῷ
1109 2667 1190 2708 174
1218 2667 1413 2710 Boenius
1442 2678 1556 2711 recte

109 2750 329 2792 apocopen
358 2733 576 2792 postulare
610 2732 803 2790 videtur,
836 2736 989 2775 καττῶν
1020 2733 1144 2788 1259,
1177 2734 1300 2776 ποττό
1331 2735 1429 2790 117,
1459 2752 1548 2777 ποτ-

1218 2818 1298 2860 23‘
