<?xml version="1.0" encoding="UTF-8"?>
<!DOCTYPE html PUBLIC "-//W3C//DTD XHTML 1.0 Transitional//EN"
    "http://www.w3.org/TR/xhtml1/DTD/xhtml1-transitional.dtd">
<html xmlns="http://www.w3.org/1999/xhtml" xml:lang="en" lang="en">
 <head>
  <title>
</title>
<meta http-equiv="Content-Type" content="text/html;charset=utf-8" />
  <meta name='ocr-system' content='tesseract 3.04.00' />
  <meta name='ocr-capabilities' content='ocr_page ocr_carea ocr_par ocr_line ocrx_word'/>
</head>
<body>
  <div class='ocr_page' id='page_1' title='image "./degraecaelinguae01ahreuoft_0445.png"; bbox 0 0 1779 3079; ppageno 0'>
   <div class='ocr_carea' id='block_1_1' title="bbox 128 200 1564 263">
    <p class='ocr_par' dir='ltr' id='par_1_1' title="bbox 128 200 1564 263">
     <span class='ocr_line' id='line_1_1' title="bbox 128 200 1564 263; baseline -0.003 -11"><span class='ocrx_word' id='word_1_1' title='bbox 128 203 167 263; x_wconf 55' lang='grc' dir='ltr'><strong>ᾗ.</strong></span> <span class='ocrx_word' id='word_1_2' title='bbox 188 205 263 251; x_wconf 93' lang='grc'><strong>17.</strong></span> <span class='ocrx_word' id='word_1_3' title='bbox 302 205 375 251; x_wconf 88' lang='lat' dir='ltr'><strong>De</strong></span> <span class='ocrx_word' id='word_1_4' title='bbox 405 204 512 252; x_wconf 87' lang='lat' dir='ltr'><strong>aliis</strong></span> <span class='ocrx_word' id='word_1_5' title='bbox 541 203 767 252; x_wconf 84' lang='lat' dir='ltr'><strong>brevium</strong></span> <span class='ocrx_word' id='word_1_6' title='bbox 793 202 1035 250; x_wconf 84' lang='lat' dir='ltr'><strong>vocalium</strong></span> <span class='ocrx_word' id='word_1_7' title='bbox 1064 200 1420 250; x_wconf 80' lang='lat' dir='ltr'><strong>mutationibus.</strong></span> <span class='ocrx_word' id='word_1_8' title='bbox 1474 203 1564 249; x_wconf 80' lang='lat'><strong>121</strong></span> 
     </span>
    </p>
   </div>
   <div class='ocr_carea' id='block_1_2' title="bbox 119 337 1573 2415">
    <p class='ocr_par' dir='ltr' id='par_1_2' title="bbox 119 337 1573 2415">
     <span class='ocr_line' id='line_1_2' title="bbox 127 337 1568 398; baseline 0.001 -18"><span class='ocrx_word' id='word_1_9' title='bbox 127 342 280 380; x_wconf 75' lang='grc' dir='ltr'><strong><em>ἱστιῶ</em></strong></span> <span class='ocrx_word' id='word_1_10' title='bbox 305 356 384 398; x_wconf 88' lang='lat' dir='ltr'><strong>pro</strong></span> <span class='ocrx_word' id='word_1_11' title='bbox 416 341 526 380; x_wconf 74' lang='grc' dir='ltr'><em>ἑστία</em></span> <span class='ocrx_word' id='word_1_12' title='bbox 555 346 597 381; x_wconf 90' lang='lat' dir='ltr'><strong>et</strong></span> <span class='ocrx_word' id='word_1_13' title='bbox 627 340 746 380; x_wconf 79' lang='grc' dir='ltr'><em>ἑστιῶ</em></span> <span class='ocrx_word' id='word_1_14' title='bbox 765 341 824 389; x_wconf 85' lang='lat'><strong>2),</strong></span> <span class='ocrx_word' id='word_1_15' title='bbox 857 344 899 378; x_wconf 89' lang='lat' dir='ltr'><strong>et</strong></span> <span class='ocrx_word' id='word_1_16' title='bbox 924 337 1083 393; x_wconf 80' lang='lat' dir='ltr'><strong>legitur</strong></span> <span class='ocrx_word' id='word_1_17' title='bbox 1109 339 1237 378; x_wconf 74' lang='lat' dir='ltr'><strong>‘lou&#39;a</strong></span> <span class='ocrx_word' id='word_1_18' title='bbox 1270 338 1313 379; x_wconf 91' lang='lat' dir='ltr'><strong>in</strong></span> <span class='ocrx_word' id='word_1_19' title='bbox 1343 338 1466 380; x_wconf 88' lang='lat' dir='ltr'><strong>titulo</strong></span> <span class='ocrx_word' id='word_1_20' title='bbox 1489 339 1568 396; x_wconf 73' lang='lat' dir='ltr'><strong>Sy-</strong></span> 
     </span>
     <span class='ocr_line' id='line_1_3' title="bbox 126 404 1567 465; baseline -0.001 -17"><span class='ocrx_word' id='word_1_21' title='bbox 126 423 332 449; x_wconf 87' lang='lat' dir='ltr'><strong>racusano</strong></span> <span class='ocrx_word' id='word_1_22' title='bbox 362 408 473 465; x_wconf 87' lang='lat' dir='ltr'><strong>apud</strong></span> <span class='ocrx_word' id='word_1_23' title='bbox 503 407 698 448; x_wconf 86' lang='lat' dir='ltr'><strong>Torrem.</strong></span> <span class='ocrx_word' id='word_1_24' title='bbox 730 404 909 457; x_wconf 89' lang='lat' dir='ltr'>XVIII,</span> <span class='ocrx_word' id='word_1_25' title='bbox 942 405 966 444; x_wconf 84' lang='lat'><strong>3</strong></span> <span class='ocrx_word' id='word_1_26' title='bbox 986 435 998 458; x_wconf 94' lang='lat'>,</span> <span class='ocrx_word' id='word_1_27' title='bbox 1045 405 1213 446; x_wconf 67' lang='grc' dir='ltr'><em>ἱστιῶνί</em></span> <span class='ocrx_word' id='word_1_28' title='bbox 1244 406 1398 464; x_wconf 84' lang='lat' dir='ltr'><strong>Epieh.</strong></span> <span class='ocrx_word' id='word_1_29' title='bbox 1432 408 1483 449; x_wconf 90' lang='grc'>19</span> <span class='ocrx_word' id='word_1_30' title='bbox 1522 407 1567 448; x_wconf 91' lang='lat' dir='ltr'><strong>in</strong></span> 
     </span>
     <span class='ocr_line' id='line_1_4' title="bbox 124 471 1569 527; baseline -0.001 -11"><span class='ocrx_word' id='word_1_31' title='bbox 124 475 339 516; x_wconf 82' lang='lat' dir='ltr'><strong>Athenaei</strong></span> <span class='ocrx_word' id='word_1_32' title='bbox 374 475 519 517; x_wconf 85' lang='lat' dir='ltr'><strong>codice</strong></span> <span class='ocrx_word' id='word_1_33' title='bbox 550 474 612 527; x_wconf 91' lang='lat' dir='ltr'>P,</span> <span class='ocrx_word' id='word_1_34' title='bbox 664 474 838 523; x_wconf 73' lang='grc' dir='ltr'><strong>Ἴστιαρ.</strong></span> <span class='ocrx_word' id='word_1_35' title='bbox 883 471 912 512; x_wconf 90' lang='lat' dir='ltr'><strong>i.</strong></span> <span class='ocrx_word' id='word_1_36' title='bbox 946 487 984 512; x_wconf 87' lang='lat' dir='ltr'><strong>e.</strong></span> <span class='ocrx_word' id='word_1_37' title='bbox 1024 472 1256 526; x_wconf 68' lang='grc' dir='ltr'><strong>Ἵστιάρχος</strong></span> <span class='ocrx_word' id='word_1_38' title='bbox 1296 475 1340 515; x_wconf 87' lang='lat' dir='ltr'><strong>iu</strong></span> <span class='ocrx_word' id='word_1_39' title='bbox 1385 474 1569 515; x_wconf 82' lang='lat' dir='ltr'><strong>nummis</strong></span> 
     </span>
     <span class='ocr_line' id='line_1_5' title="bbox 124 539 1567 594; baseline -0.001 -10"><span class='ocrx_word' id='word_1_40' title='bbox 124 542 372 584; x_wconf 82' lang='lat' dir='ltr'><strong>Tarentinis</strong></span> <span class='ocrx_word' id='word_1_41' title='bbox 401 541 569 583; x_wconf 88' lang='lat' dir='ltr'><strong>Mionn.</strong></span> <span class='ocrx_word' id='word_1_42' title='bbox 603 540 759 581; x_wconf 76' lang='lat' dir='ltr'><strong>Descr.</strong></span> <span class='ocrx_word' id='word_1_43' title='bbox 800 539 818 580; x_wconf 91' lang='lat' dir='ltr'>I</span> <span class='ocrx_word' id='word_1_44' title='bbox 858 556 900 594; x_wconf 84' lang='lat' dir='ltr'><strong>p.</strong></span> <span class='ocrx_word' id='word_1_45' title='bbox 936 539 1040 591; x_wconf 85' lang='lat'>145,</span> <span class='ocrx_word' id='word_1_46' title='bbox 1083 540 1268 587; x_wconf 75' lang='grc' dir='ltr'><strong>Ἴστιέιος</strong></span> <span class='ocrx_word' id='word_1_47' title='bbox 1298 541 1343 582; x_wconf 88' lang='lat' dir='ltr'><strong>in</strong></span> <span class='ocrx_word' id='word_1_48' title='bbox 1373 542 1567 594; x_wconf 78' lang='lat' dir='ltr'><strong>HeracL,</strong></span> 
     </span>
     <span class='ocr_line' id='line_1_6' title="bbox 125 606 1569 667; baseline 0 -17"><span class='ocrx_word' id='word_1_49' title='bbox 125 625 233 667; x_wconf 86' lang='lat' dir='ltr'><strong>quae</strong></span> <span class='ocrx_word' id='word_1_50' title='bbox 263 609 426 651; x_wconf 87' lang='lat' dir='ltr'><strong>accedit</strong></span> <span class='ocrx_word' id='word_1_51' title='bbox 452 609 597 649; x_wconf 74' lang='grc' dir='ltr'><strong><em>Γιστιά</em></strong></span> <span class='ocrx_word' id='word_1_52' title='bbox 625 607 737 663; x_wconf 88' lang='lat' dir='ltr'><strong>apud</strong></span> <span class='ocrx_word' id='word_1_53' title='bbox 766 606 1057 663; x_wconf 77' lang='lat' dir='ltr'><strong>Hesychium,</strong></span> <span class='ocrx_word' id='word_1_54' title='bbox 1088 606 1173 648; x_wconf 85' lang='lat' dir='ltr'><strong>vid.</strong></span> <span class='ocrx_word' id='word_1_55' title='bbox 1208 610 1249 660; x_wconf 60' lang='lat'><strong>§-</strong></span> <span class='ocrx_word' id='word_1_56' title='bbox 1278 609 1319 661; x_wconf 73' lang='lat'><strong>5,</strong></span> <span class='ocrx_word' id='word_1_57' title='bbox 1351 610 1391 650; x_wconf 86' lang='lat'><strong>8.</strong></span> <span class='ocrx_word' id='word_1_58' title='bbox 1456 609 1569 650; x_wconf 88' lang='lat' dir='ltr'><strong>Con—</strong></span> 
     </span>
     <span class='ocr_line' id='line_1_7' title="bbox 124 673 1570 732; baseline 0 -14"><span class='ocrx_word' id='word_1_59' title='bbox 124 684 187 718; x_wconf 86' lang='lat' dir='ltr'><strong>tra</strong></span> <span class='ocrx_word' id='word_1_60' title='bbox 215 675 404 732; x_wconf 81' lang='lat' dir='ltr'><strong>vulgaris</strong></span> <span class='ocrx_word' id='word_1_61' title='bbox 436 676 570 716; x_wconf 78' lang='lat' dir='ltr'><strong>forma</strong></span> <span class='ocrx_word' id='word_1_62' title='bbox 597 676 744 714; x_wconf 73' lang='grc' dir='ltr'><em>Ἑστία</em></span> <span class='ocrx_word' id='word_1_63' title='bbox 774 682 838 715; x_wconf 88' lang='lat' dir='ltr'><strong>est</strong></span> <span class='ocrx_word' id='word_1_64' title='bbox 868 675 912 714; x_wconf 89' lang='lat' dir='ltr'><strong>in</strong></span> <span class='ocrx_word' id='word_1_65' title='bbox 947 673 1063 715; x_wconf 88' lang='lat' dir='ltr'>Cret.</span> <span class='ocrx_word' id='word_1_66' title='bbox 1088 674 1225 726; x_wconf 84' lang='lat'>2555,</span> <span class='ocrx_word' id='word_1_67' title='bbox 1258 676 1367 715; x_wconf 75' lang='grc' dir='ltr'><em>ἑστία</em></span> <span class='ocrx_word' id='word_1_68' title='bbox 1398 676 1441 715; x_wconf 90' lang='lat' dir='ltr'><strong>in</strong></span> <span class='ocrx_word' id='word_1_69' title='bbox 1462 677 1570 718; x_wconf 89' lang='lat' dir='ltr'><strong>Her-</strong></span> 
     </span>
     <span class='ocr_line' id='line_1_8' title="bbox 125 740 1571 798; baseline 0 -14"><span class='ocrx_word' id='word_1_70' title='bbox 125 743 256 784; x_wconf 87' lang='lat' dir='ltr'><strong>mion.</strong></span> <span class='ocrx_word' id='word_1_71' title='bbox 291 743 398 785; x_wconf 85' lang='lat'>1193</span> <span class='ocrx_word' id='word_1_72' title='bbox 435 749 476 783; x_wconf 86' lang='lat' dir='ltr'><strong>et</strong></span> <span class='ocrx_word' id='word_1_73' title='bbox 513 743 557 782; x_wconf 91' lang='lat' dir='ltr'><strong>in</strong></span> <span class='ocrx_word' id='word_1_74' title='bbox 598 741 812 798; x_wconf 89' lang='lat' dir='ltr'><strong>Delphico</strong></span> <span class='ocrx_word' id='word_1_75' title='bbox 852 740 1059 783; x_wconf 88' lang='lat' dir='ltr'><strong>Ulrichsii</strong></span> <span class='ocrx_word' id='word_1_76' title='bbox 1099 756 1142 796; x_wconf 87' lang='lat' dir='ltr'><strong>p.</strong></span> <span class='ocrx_word' id='word_1_77' title='bbox 1174 741 1256 797; x_wconf 77' lang='lat'><strong>675</strong></span> <span class='ocrx_word' id='word_1_78' title='bbox 1315 743 1571 794; x_wconf 70' lang='grc' dir='ltr'><strong>ἐστιυπάμων</strong></span> 
     </span>
     <span class='ocr_line' id='line_1_9' title="bbox 124 808 1570 862; baseline 0.001 -12"><span class='ocrx_word' id='word_1_79' title='bbox 124 809 329 851; x_wconf 84' lang='lat' dir='ltr'><strong>Doricum</strong></span> <span class='ocrx_word' id='word_1_80' title='bbox 374 826 396 850; x_wconf 90' lang='lat' dir='ltr'><strong>a</strong></span> <span class='ocrx_word' id='word_1_81' title='bbox 439 810 620 851; x_wconf 84' lang='lat' dir='ltr'><strong>Polluce</strong></span> <span class='ocrx_word' id='word_1_82' title='bbox 660 810 833 851; x_wconf 88' lang='lat' dir='ltr'><strong>affertur</strong></span> <span class='ocrx_word' id='word_1_83' title='bbox 875 810 925 862; x_wconf 95' lang='lat' dir='ltr'>I,</span> <span class='ocrx_word' id='word_1_84' title='bbox 957 809 1025 850; x_wconf 88' lang='lat'><strong>75.</strong></span> <span class='ocrx_word' id='word_1_85' title='bbox 1076 808 1144 862; x_wconf 87' lang='lat' dir='ltr'>X,</span> <span class='ocrx_word' id='word_1_86' title='bbox 1177 809 1247 851; x_wconf 86' lang='lat'><strong>20.</strong></span> <span class='ocrx_word' id='word_1_87' title='bbox 1292 836 1341 840; x_wconf 78' lang='lat'><strong>-—</strong></span> <span class='ocrx_word' id='word_1_88' title='bbox 1400 810 1570 853; x_wconf 83' lang='lat' dir='ltr'><strong>Deinde</strong></span> 
     </span>
     <span class='ocr_line' id='line_1_10' title="bbox 122 877 1570 934; baseline 0.001 -16"><span class='ocrx_word' id='word_1_89' title='bbox 122 894 138 917; x_wconf 84' lang='grc' dir='ltr'><strong><em>ι</em></strong></span> <span class='ocrx_word' id='word_1_90' title='bbox 166 893 244 934; x_wconf 90' lang='lat' dir='ltr'><strong>pro</strong></span> <span class='ocrx_word' id='word_1_91' title='bbox 278 894 293 918; x_wconf 74' lang='grc' dir='ltr'><em>ε</em></span> <span class='ocrx_word' id='word_1_92' title='bbox 323 877 436 918; x_wconf 87' lang='lat' dir='ltr'><strong>haud</strong></span> <span class='ocrx_word' id='word_1_93' title='bbox 466 893 561 918; x_wconf 89' lang='lat' dir='ltr'><strong>raro</strong></span> <span class='ocrx_word' id='word_1_94' title='bbox 592 884 656 918; x_wconf 89' lang='lat' dir='ltr'><strong>est</strong></span> <span class='ocrx_word' id='word_1_95' title='bbox 687 884 782 918; x_wconf 88' lang='lat' dir='ltr'><strong>ante</strong></span> <span class='ocrx_word' id='word_1_96' title='bbox 813 884 1040 933; x_wconf 85' lang='lat' dir='ltr'><strong>sequentes</strong></span> <span class='ocrx_word' id='word_1_97' title='bbox 1071 877 1268 931; x_wconf 86' lang='lat' dir='ltr'><strong>vocales,</strong></span> <span class='ocrx_word' id='word_1_98' title='bbox 1311 878 1493 919; x_wconf 78' lang='lat' dir='ltr'><strong>maxime</strong></span> <span class='ocrx_word' id='word_1_99' title='bbox 1526 879 1570 920; x_wconf 89' lang='lat' dir='ltr'><strong>in</strong></span> 
     </span>
     <span class='ocr_line' id='line_1_11' title="bbox 121 944 1571 1002; baseline 0.002 -17"><span class='ocrx_word' id='word_1_100' title='bbox 121 944 345 1000; x_wconf 83' lang='lat' dir='ltr'><strong>adjectivis</strong></span> <span class='ocrx_word' id='word_1_101' title='bbox 376 945 421 985; x_wconf 91' lang='lat' dir='ltr'><strong>in</strong></span> <span class='ocrx_word' id='word_1_102' title='bbox 453 961 519 993; x_wconf 71' lang='grc' dir='ltr'><strong>εος</strong></span> <span class='ocrx_word' id='word_1_103' title='bbox 549 945 678 1002; x_wconf 77' lang='lat' dir='ltr'><strong>vulgo</strong></span> <span class='ocrx_word' id='word_1_104' title='bbox 709 944 980 986; x_wconf 75' lang='lat' dir='ltr'><strong>exeuntibus.</strong></span> <span class='ocrx_word' id='word_1_105' title='bbox 1054 944 1161 999; x_wconf 88' lang='lat' dir='ltr'><strong>Ejus</strong></span> <span class='ocrx_word' id='word_1_106' title='bbox 1203 945 1374 1001; x_wconf 73' lang='lat' dir='ltr'><strong>generis</strong></span> <span class='ocrx_word' id='word_1_107' title='bbox 1414 946 1571 988; x_wconf 81' lang='lat' dir='ltr'><strong>codici·</strong></span> 
     </span>
     <span class='ocr_line' id='line_1_12' title="bbox 121 1011 1570 1070; baseline 0.002 -17"><span class='ocrx_word' id='word_1_108' title='bbox 121 1011 203 1053; x_wconf 85' lang='lat' dir='ltr'><strong>bus</strong></span> <span class='ocrx_word' id='word_1_109' title='bbox 234 1013 545 1070; x_wconf 86' lang='lat' dir='ltr'><strong>spondentibus</strong></span> <span class='ocrx_word' id='word_1_110' title='bbox 585 1012 697 1070; x_wconf 82' lang='lat' dir='ltr'><strong>apud</strong></span> <span class='ocrx_word' id='word_1_111' title='bbox 727 1012 1030 1069; x_wconf 86' lang='lat' dir='ltr'><strong>Epicharmum</strong></span> <span class='ocrx_word' id='word_1_112' title='bbox 1067 1019 1166 1053; x_wconf 88' lang='lat' dir='ltr'><strong>sunt</strong></span> <span class='ocrx_word' id='word_1_113' title='bbox 1209 1011 1405 1065; x_wconf 65' lang='grc' dir='ltr'><strong>ἀργύριον</strong></span> <span class='ocrx_word' id='word_1_114' title='bbox 1441 1014 1494 1055; x_wconf 86' lang='lat' dir='ltr'><strong>fr.</strong></span> <span class='ocrx_word' id='word_1_115' title='bbox 1527 1015 1570 1069; x_wconf 87' lang='lat'>5,</span> 
     </span>
     <span class='ocr_line' id='line_1_13' title="bbox 125 1080 1572 1138; baseline 0.002 -18"><span class='ocrx_word' id='word_1_116' title='bbox 125 1082 323 1130; x_wconf 76' lang='grc' dir='ltr'><strong><em>φοινίκιαι</em></strong></span> <span class='ocrx_word' id='word_1_117' title='bbox 356 1081 436 1134; x_wconf 89' lang='grc'><strong>12,</strong></span> <span class='ocrx_word' id='word_1_118' title='bbox 468 1080 583 1133; x_wconf 72' lang='grc' dir='ltr'>βόϊον</span> <span class='ocrx_word' id='word_1_119' title='bbox 613 1081 693 1134; x_wconf 92' lang='grc'><strong>77,</strong></span> <span class='ocrx_word' id='word_1_120' title='bbox 739 1094 920 1136; x_wconf 85' lang='lat' dir='ltr'><strong>quorum</strong></span> <span class='ocrx_word' id='word_1_121' title='bbox 951 1080 1002 1121; x_wconf 84' lang='lat' dir='ltr'><strong>ad</strong></span> <span class='ocrx_word' id='word_1_122' title='bbox 1031 1095 1223 1121; x_wconf 87' lang='lat' dir='ltr'><strong>normam</strong></span> <span class='ocrx_word' id='word_1_123' title='bbox 1255 1080 1336 1121; x_wconf 87' lang='lat' dir='ltr'><strong>alia</strong></span> <span class='ocrx_word' id='word_1_124' title='bbox 1366 1081 1572 1138; x_wconf 86' lang='lat' dir='ltr'><strong>quaedam</strong></span> 
     </span>
     <span class='ocr_line' id='line_1_14' title="bbox 123 1146 1571 1204; baseline 0.001 -16"><span class='ocrx_word' id='word_1_125' title='bbox 123 1147 403 1201; x_wconf 79' lang='lat' dir='ltr'><strong>correximus,</strong></span> <span class='ocrx_word' id='word_1_126' title='bbox 436 1147 548 1204; x_wconf 85' lang='lat' dir='ltr'><strong>apud</strong></span> <span class='ocrx_word' id='word_1_127' title='bbox 562 1147 907 1189; x_wconf 85' lang='lat' dir='ltr'><strong>Timocreontem</strong></span> <span class='ocrx_word' id='word_1_128' title='bbox 926 1148 978 1188; x_wconf 83' lang='lat' dir='ltr'><strong>fr.</strong></span> <span class='ocrx_word' id='word_1_129' title='bbox 997 1149 1018 1189; x_wconf 93' lang='lat'>1</span> <span class='ocrx_word' id='word_1_130' title='bbox 1041 1146 1273 1201; x_wconf 69' lang='grc' dir='ltr'><strong><em>ἀργυρίοισι</em></strong></span> <span class='ocrx_word' id='word_1_131' title='bbox 1296 1155 1336 1189; x_wconf 90' lang='lat' dir='ltr'><strong>et</strong></span> <span class='ocrx_word' id='word_1_132' title='bbox 1355 1148 1571 1202; x_wconf 65' lang='grc' dir='ltr'>ἀργυρίων,</span> 
     </span>
     <span class='ocr_line' id='line_1_15' title="bbox 121 1214 1573 1272; baseline 0.003 -18"><span class='ocrx_word' id='word_1_133' title='bbox 121 1214 235 1271; x_wconf 89' lang='lat' dir='ltr'><strong>apud</strong></span> <span class='ocrx_word' id='word_1_134' title='bbox 257 1214 536 1255; x_wconf 80' lang='lat' dir='ltr'><strong>Theocritum</strong></span> <span class='ocrx_word' id='word_1_135' title='bbox 562 1214 692 1267; x_wconf 87' lang='lat' dir='ltr'>XIII,</span> <span class='ocrx_word' id='word_1_136' title='bbox 718 1214 742 1255; x_wconf 89' lang='grc'>5</span> <span class='ocrx_word' id='word_1_137' title='bbox 770 1214 1086 1269; x_wconf 76' lang='grc' dir='ltr'><strong><em>χαλκιοκάρδιος</em></strong></span> <span class='ocrx_word' id='word_1_138' title='bbox 1104 1214 1148 1254; x_wconf 84' lang='grc' dir='ltr'><strong>ἰιι</strong></span> <span class='ocrx_word' id='word_1_139' title='bbox 1169 1215 1355 1272; x_wconf 79' lang='lat' dir='ltr'><strong>antiquis</strong></span> <span class='ocrx_word' id='word_1_140' title='bbox 1377 1216 1573 1259; x_wconf 87' lang='lat' dir='ltr'><strong>editioni·</strong></span> 
     </span>
     <span class='ocr_line' id='line_1_16' title="bbox 122 1281 1572 1342; baseline 0.003 -20"><span class='ocrx_word' id='word_1_141' title='bbox 122 1281 230 1334; x_wconf 89' lang='lat' dir='ltr'><strong>bus,</strong></span> <span class='ocrx_word' id='word_1_142' title='bbox 265 1281 332 1331; x_wconf 90' lang='lat' dir='ltr'><strong>II,</strong></span> <span class='ocrx_word' id='word_1_143' title='bbox 365 1282 419 1324; x_wconf 88' lang='lat'><strong>30</strong></span> <span class='ocrx_word' id='word_1_144' title='bbox 447 1281 617 1336; x_wconf 80' lang='grc' dir='ltr'><strong><em>χάλκιος</em></strong></span> <span class='ocrx_word' id='word_1_145' title='bbox 647 1281 692 1322; x_wconf 90' lang='lat' dir='ltr'><strong>in</strong></span> <span class='ocrx_word' id='word_1_146' title='bbox 724 1282 897 1335; x_wconf 90' lang='lat' dir='ltr'><strong>codice,</strong></span> <span class='ocrx_word' id='word_1_147' title='bbox 928 1282 989 1336; x_wconf 86' lang='grc' dir='ltr'>ΙΙ,</span> <span class='ocrx_word' id='word_1_148' title='bbox 1018 1283 1045 1324; x_wconf 90' lang='grc'>2</span> <span class='ocrx_word' id='word_1_149' title='bbox 1082 1285 1268 1335; x_wconf 68' lang='grc' dir='ltr'><strong>φοινικιίῃ</strong></span> <span class='ocrx_word' id='word_1_150' title='bbox 1304 1283 1348 1324; x_wconf 92' lang='lat' dir='ltr'><strong>in</strong></span> <span class='ocrx_word' id='word_1_151' title='bbox 1379 1284 1572 1342; x_wconf 85' lang='lat' dir='ltr'><strong>quinque</strong></span> 
     </span>
     <span class='ocr_line' id='line_1_17' title="bbox 119 1348 1572 1407; baseline 0.003 -18"><span class='ocrx_word' id='word_1_152' title='bbox 119 1348 269 1404; x_wconf 72' lang='lat' dir='ltr'><strong>libris,</strong></span> <span class='ocrx_word' id='word_1_153' title='bbox 304 1348 610 1407; x_wconf 80' lang='lat' dir='ltr'><strong>Spartanorum</strong></span> <span class='ocrx_word' id='word_1_154' title='bbox 629 1349 800 1390; x_wconf 86' lang='lat' dir='ltr'><strong>Athene</strong></span> <span class='ocrx_word' id='word_1_155' title='bbox 823 1351 1056 1403; x_wconf 75' lang='grc' dir='ltr'><strong><em>χαλκιόικος</em></strong></span> <span class='ocrx_word' id='word_1_156' title='bbox 1075 1365 1230 1391; x_wconf 88' lang='lat' dir='ltr'><strong>nomen</strong></span> <span class='ocrx_word' id='word_1_157' title='bbox 1251 1366 1272 1391; x_wconf 93' lang='lat' dir='ltr'><strong>e</strong></span> <span class='ocrx_word' id='word_1_158' title='bbox 1291 1351 1442 1405; x_wconf 76' lang='grc' dir='ltr'><em>χαλκός</em></span> <span class='ocrx_word' id='word_1_159' title='bbox 1467 1356 1572 1404; x_wconf 89' lang='lat' dir='ltr'><strong>(non</strong></span> 
     </span>
     <span class='ocr_line' id='line_1_18' title="bbox 120 1415 1573 1478; baseline 0.005 -23"><span class='ocrx_word' id='word_1_160' title='bbox 120 1415 309 1470; x_wconf 73' lang='grc' dir='ltr'><strong>χάλκεος)</strong></span> <span class='ocrx_word' id='word_1_161' title='bbox 341 1424 383 1458; x_wconf 88' lang='lat' dir='ltr'><strong>et</strong></span> <span class='ocrx_word' id='word_1_162' title='bbox 413 1416 525 1464; x_wconf 79' lang='grc' dir='ltr'><strong><em>οἶκος</em></strong></span> <span class='ocrx_word' id='word_1_163' title='bbox 556 1417 839 1474; x_wconf 83' lang='lat' dir='ltr'><strong>compositum</strong></span> <span class='ocrx_word' id='word_1_164' title='bbox 868 1416 1025 1458; x_wconf 88' lang='lat' dir='ltr'><strong>habere</strong></span> <span class='ocrx_word' id='word_1_165' title='bbox 1054 1416 1302 1473; x_wconf 78' lang='lat' dir='ltr'><strong>intelliges,</strong></span> <span class='ocrx_word' id='word_1_166' title='bbox 1334 1419 1370 1460; x_wconf 94' lang='lat' dir='ltr'><strong>si</strong></span> <span class='ocrx_word' id='word_1_167' title='bbox 1401 1428 1573 1478; x_wconf 86' lang='lat' dir='ltr'><strong>reputes</strong></span> 
     </span>
     <span class='ocr_line' id='line_1_19' title="bbox 122 1483 1570 1541; baseline 0.004 -17"><span class='ocrx_word' id='word_1_168' title='bbox 122 1483 325 1541; x_wconf 81' lang='lat' dir='ltr'><strong>digammi</strong></span> <span class='ocrx_word' id='word_1_169' title='bbox 363 1484 447 1526; x_wconf 77' lang='lat' dir='ltr'><strong>vim</strong></span> <span class='ocrx_word' id='word_1_170' title='bbox 478 1491 603 1541; x_wconf 83' lang='lat' dir='ltr'><strong>atque</strong></span> <span class='ocrx_word' id='word_1_171' title='bbox 635 1485 829 1525; x_wconf 85' lang='lat' dir='ltr'><strong>conferas</strong></span> <span class='ocrx_word' id='word_1_172' title='bbox 859 1486 1077 1539; x_wconf 77' lang='grc' dir='ltr'><em>χαλκίναος</em></span> <span class='ocrx_word' id='word_1_173' title='bbox 1113 1492 1155 1525; x_wconf 87' lang='lat' dir='ltr'><strong>et</strong></span> <span class='ocrx_word' id='word_1_174' title='bbox 1184 1485 1344 1527; x_wconf 83' lang='lat' dir='ltr'><strong>Buttm.</strong></span> <span class='ocrx_word' id='word_1_175' title='bbox 1380 1488 1456 1529; x_wconf 90' lang='lat' dir='ltr'><strong>Gr.</strong></span> <span class='ocrx_word' id='word_1_176' title='bbox 1482 1488 1570 1530; x_wconf 56' lang='lat' dir='ltr'><strong>‘Gr-</strong></span> 
     </span>
     <span class='ocr_line' id='line_1_20' title="bbox 119 1550 1573 1609; baseline 0.005 -17"><span class='ocrx_word' id='word_1_177' title='bbox 119 1550 164 1592; x_wconf 91' lang='grc' dir='ltr'>Π</span> <span class='ocrx_word' id='word_1_178' title='bbox 192 1567 237 1608; x_wconf 92' lang='lat' dir='ltr'><strong>p.</strong></span> <span class='ocrx_word' id='word_1_179' title='bbox 254 1551 351 1594; x_wconf 84' lang='lat'>459.</span> <span class='ocrx_word' id='word_1_180' title='bbox 410 1551 611 1592; x_wconf 87' lang='lat' dir='ltr'><strong>Ceterum</strong></span> <span class='ocrx_word' id='word_1_181' title='bbox 634 1551 678 1592; x_wconf 89' lang='lat' dir='ltr'><strong>in</strong></span> <span class='ocrx_word' id='word_1_182' title='bbox 697 1551 858 1608; x_wconf 79' lang='lat' dir='ltr'><strong>Amph.</strong></span> <span class='ocrx_word' id='word_1_183' title='bbox 881 1551 988 1593; x_wconf 81' lang='lat'>1688</span> <span class='ocrx_word' id='word_1_184' title='bbox 1004 1583 1015 1605; x_wconf 87' lang='lat'>,</span> <span class='ocrx_word' id='word_1_185' title='bbox 1046 1551 1208 1605; x_wconf 84' lang='lat' dir='ltr'><strong>Brutt.,</strong></span> <span class='ocrx_word' id='word_1_186' title='bbox 1240 1553 1381 1594; x_wconf 86' lang='lat' dir='ltr'><strong>Rhod.</strong></span> <span class='ocrx_word' id='word_1_187' title='bbox 1400 1556 1528 1609; x_wconf 85' lang='lat'>2525,</span> <span class='ocrx_word' id='word_1_188' title='bbox 1545 1556 1573 1598; x_wconf 89' lang='lat' dir='ltr'>b</span> 
     </span>
     <span class='ocr_line' id='line_1_21' title="bbox 121 1618 1569 1678; baseline 0.006 -19"><span class='ocrx_word' id='word_1_189' title='bbox 121 1625 164 1659; x_wconf 86' lang='lat' dir='ltr'><strong>et</strong></span> <span class='ocrx_word' id='word_1_190' title='bbox 192 1618 287 1659; x_wconf 87' lang='lat' dir='ltr'><strong>aliis</strong></span> <span class='ocrx_word' id='word_1_191' title='bbox 317 1618 491 1673; x_wconf 76' lang='grc' dir='ltr'><em>χρύσεος</em></span> <span class='ocrx_word' id='word_1_192' title='bbox 523 1618 735 1675; x_wconf 74' lang='lat' dir='ltr'><strong>‚scriptum</strong></span> <span class='ocrx_word' id='word_1_193' title='bbox 767 1619 1003 1676; x_wconf 82' lang='lat' dir='ltr'><strong>reperitur,</strong></span> <span class='ocrx_word' id='word_1_194' title='bbox 1047 1618 1219 1673; x_wconf 65' lang='grc' dir='ltr'><strong>χάλκεος·</strong></span> <span class='ocrx_word' id='word_1_195' title='bbox 1247 1619 1407 1678; x_wconf 79' lang='lat' dir='ltr'><strong>Delph-</strong></span> <span class='ocrx_word' id='word_1_196' title='bbox 1445 1623 1569 1665; x_wconf 81' lang='grc'>1690.</span> 
     </span>
     <span class='ocr_line' id='line_1_22' title="bbox 122 1685 1572 1743; baseline 0.004 -17"><span class='ocrx_word' id='word_1_197' title='bbox 122 1685 349 1726; x_wconf 86' lang='lat' dir='ltr'><strong>Praeterea</strong></span> <span class='ocrx_word' id='word_1_198' title='bbox 381 1686 534 1725; x_wconf 77' lang='grc' dir='ltr'>συκιά</span> <span class='ocrx_word' id='word_1_199' title='bbox 565 1701 643 1742; x_wconf 92' lang='lat' dir='ltr'><strong>pro</strong></span> <span class='ocrx_word' id='word_1_200' title='bbox 676 1686 796 1735; x_wconf 67' lang='grc' dir='ltr'><em>συκέη</em></span> <span class='ocrx_word' id='word_1_201' title='bbox 828 1686 958 1727; x_wconf 87' lang='lat' dir='ltr'><strong>estin</strong></span> <span class='ocrx_word' id='word_1_202' title='bbox 980 1685 1153 1727; x_wconf 84' lang='lat' dir='ltr'><strong>Heracl.</strong></span> <span class='ocrx_word' id='word_1_203' title='bbox 1189 1686 1226 1739; x_wconf 89' lang='lat' dir='ltr'>I,</span> <span class='ocrx_word' id='word_1_204' title='bbox 1256 1689 1360 1743; x_wconf 77' lang='lat'>124,</span> <span class='ocrx_word' id='word_1_205' title='bbox 1393 1689 1572 1732; x_wconf 75' lang='grc' dir='ltr'><strong>ὄστιον</strong></span> 
     </span>
     <span class='ocr_line' id='line_1_23' title="bbox 122 1752 1570 1815; baseline 0.005 -22"><span class='ocrx_word' id='word_1_206' title='bbox 122 1759 165 1793; x_wconf 84' lang='lat' dir='ltr'><strong>et</strong></span> <span class='ocrx_word' id='word_1_207' title='bbox 204 1753 357 1793; x_wconf 83' lang='grc' dir='ltr'><strong><em>ὄστια</em></strong></span> <span class='ocrx_word' id='word_1_208' title='bbox 403 1752 635 1793; x_wconf 82' lang='lat' dir='ltr'><strong>Theocrito</strong></span> <span class='ocrx_word' id='word_1_209' title='bbox 686 1753 755 1807; x_wconf 94' lang='lat' dir='ltr'>II,</span> <span class='ocrx_word' id='word_1_210' title='bbox 786 1753 855 1795; x_wconf 82' lang='lat'><strong>21.</strong></span> <span class='ocrx_word' id='word_1_211' title='bbox 889 1753 957 1795; x_wconf 84' lang='grc'><strong>62.</strong></span> <span class='ocrx_word' id='word_1_212' title='bbox 991 1753 1072 1803; x_wconf 85' lang='grc'>90,</span> <span class='ocrx_word' id='word_1_213' title='bbox 1127 1753 1208 1806; x_wconf 79' lang='lat' dir='ltr'>IV,</span> <span class='ocrx_word' id='word_1_214' title='bbox 1241 1755 1294 1796; x_wconf 85' lang='grc'>16</span> <span class='ocrx_word' id='word_1_215' title='bbox 1337 1763 1379 1796; x_wconf 86' lang='lat' dir='ltr'><strong>et</strong></span> <span class='ocrx_word' id='word_1_216' title='bbox 1416 1757 1570 1815; x_wconf 77' lang='lat' dir='ltr'><strong>Epigr.</strong></span> 
     </span>
     <span class='ocr_line' id='line_1_24' title="bbox 121 1819 1571 1876; baseline 0.004 -17"><span class='ocrx_word' id='word_1_217' title='bbox 121 1819 212 1873; x_wconf 90' lang='lat' dir='ltr'>VI,</span> <span class='ocrx_word' id='word_1_218' title='bbox 243 1819 269 1860; x_wconf 88' lang='grc'><strong>6</strong></span> <span class='ocrx_word' id='word_1_219' title='bbox 306 1835 356 1860; x_wconf 80' lang='lat' dir='ltr'><strong>ex</strong></span> <span class='ocrx_word' id='word_1_220' title='bbox 395 1819 567 1876; x_wconf 86' lang='lat' dir='ltr'><strong>optimis</strong></span> <span class='ocrx_word' id='word_1_221' title='bbox 603 1820 726 1861; x_wconf 85' lang='lat' dir='ltr'><strong>libris</strong></span> <span class='ocrx_word' id='word_1_222' title='bbox 766 1820 1027 1861; x_wconf 88' lang='lat' dir='ltr'><strong>restituenda</strong></span> <span class='ocrx_word' id='word_1_223' title='bbox 1066 1829 1194 1875; x_wconf 69' lang='lat' dir='ltr'><strong>sunt,</strong></span> <span class='ocrx_word' id='word_1_224' title='bbox 1237 1825 1485 1873; x_wconf 63' lang='lat' dir='ltr'><strong>Mvafflag</strong></span> <span class='ocrx_word' id='word_1_225' title='bbox 1525 1826 1571 1867; x_wconf 88' lang='lat' dir='ltr'><strong>in</strong></span> 
     </span>
     <span class='ocr_line' id='line_1_25' title="bbox 121 1886 1571 1949; baseline 0.006 -22"><span class='ocrx_word' id='word_1_226' title='bbox 121 1886 246 1928; x_wconf 92' lang='lat' dir='ltr'><strong>titulo</strong></span> <span class='ocrx_word' id='word_1_227' title='bbox 292 1886 573 1944; x_wconf 88' lang='lat' dir='ltr'><strong>Cephallenio</strong></span> <span class='ocrx_word' id='word_1_228' title='bbox 618 1904 682 1928; x_wconf 87' lang='lat' dir='ltr'><strong>nr.</strong></span> <span class='ocrx_word' id='word_1_229' title='bbox 729 1888 835 1930; x_wconf 85' lang='grc'>1928</span> <span class='ocrx_word' id='word_1_230' title='bbox 886 1895 928 1929; x_wconf 90' lang='lat' dir='ltr'><strong>et</strong></span> <span class='ocrx_word' id='word_1_231' title='bbox 971 1888 1160 1930; x_wconf 88' lang='lat' dir='ltr'><strong>Phocico</strong></span> <span class='ocrx_word' id='word_1_232' title='bbox 1201 1889 1348 1932; x_wconf 90' lang='lat' dir='ltr'><strong>Rossii</strong></span> <span class='ocrx_word' id='word_1_233' title='bbox 1389 1908 1457 1933; x_wconf 88' lang='lat' dir='ltr'><strong>nr.</strong></span> <span class='ocrx_word' id='word_1_234' title='bbox 1499 1894 1571 1949; x_wconf 90' lang='lat'><strong>81,</strong></span> 
     </span>
     <span class='ocr_line' id='line_1_26' title="bbox 119 1953 1572 2018; baseline 0.006 -24"><span class='ocrx_word' id='word_1_235' title='bbox 119 1955 353 2002; x_wconf 77' lang='grc' dir='ltr'><em>Στασίας</em></span> <span class='ocrx_word' id='word_1_236' title='bbox 384 1953 510 1995; x_wconf 83' lang='lat' dir='ltr'><strong>Loer.</strong></span> <span class='ocrx_word' id='word_1_237' title='bbox 546 1954 652 1997; x_wconf 82' lang='lat'>1758</span> <span class='ocrx_word' id='word_1_238' title='bbox 681 1962 782 1995; x_wconf 87' lang='lat' dir='ltr'><strong>sunt</strong></span> <span class='ocrx_word' id='word_1_239' title='bbox 810 1970 887 2011; x_wconf 80' lang='lat' dir='ltr'><strong>pro</strong></span> <span class='ocrx_word' id='word_1_240' title='bbox 916 1957 1143 2010; x_wconf 58' lang='lat' dir='ltr'><strong>flsvaof&#39;ag,</strong></span> <span class='ocrx_word' id='word_1_241' title='bbox 1187 1959 1398 2009; x_wconf 69' lang='grc' dir='ltr'><strong>Στασεάς,</strong></span> <span class='ocrx_word' id='word_1_242' title='bbox 1440 1977 1572 2018; x_wconf 83' lang='lat' dir='ltr'><strong>quan-</strong></span> 
     </span>
     <span class='ocr_line' id='line_1_27' title="bbox 122 2021 1573 2080; baseline 0.007 -19"><span class='ocrx_word' id='word_1_243' title='bbox 122 2037 248 2079; x_wconf 84' lang='lat' dir='ltr'><strong>quam</strong></span> <span class='ocrx_word' id='word_1_244' title='bbox 286 2021 330 2062; x_wconf 91' lang='lat' dir='ltr'><strong>in</strong></span> <span class='ocrx_word' id='word_1_245' title='bbox 369 2021 581 2076; x_wconf 86' lang='lat' dir='ltr'><strong>ejusmodi</strong></span> <span class='ocrx_word' id='word_1_246' title='bbox 621 2021 868 2063; x_wconf 88' lang='lat' dir='ltr'><strong>nominibus</strong></span> <span class='ocrx_word' id='word_1_247' title='bbox 908 2022 1034 2063; x_wconf 87' lang='lat' dir='ltr'><strong>etiam</strong></span> <span class='ocrx_word' id='word_1_248' title='bbox 1074 2024 1204 2080; x_wconf 78' lang='lat' dir='ltr'><strong>vulgo</strong></span> <span class='ocrx_word' id='word_1_249' title='bbox 1244 2025 1430 2069; x_wconf 86' lang='lat' dir='ltr'><strong>elocutio</strong></span> <span class='ocrx_word' id='word_1_250' title='bbox 1459 2028 1573 2071; x_wconf 86' lang='lat' dir='ltr'><strong>inter</strong></span> 
     </span>
     <span class='ocr_line' id='line_1_28' title="bbox 124 2089 1571 2148; baseline 0.006 -19"><span class='ocrx_word' id='word_1_251' title='bbox 124 2105 140 2129; x_wconf 75' lang='grc' dir='ltr'><em>ε</em></span> <span class='ocrx_word' id='word_1_252' title='bbox 181 2095 222 2130; x_wconf 88' lang='lat' dir='ltr'><strong>et</strong></span> <span class='ocrx_word' id='word_1_253' title='bbox 264 2106 278 2128; x_wconf 92' lang='grc' dir='ltr'><strong><em>ι</em></strong></span> <span class='ocrx_word' id='word_1_254' title='bbox 314 2105 472 2145; x_wconf 83' lang='lat' dir='ltr'><strong>anceps</strong></span> <span class='ocrx_word' id='word_1_255' title='bbox 510 2089 645 2130; x_wconf 83' lang='lat' dir='ltr'><strong>fuisse</strong></span> <span class='ocrx_word' id='word_1_256' title='bbox 684 2089 867 2130; x_wconf 85' lang='lat' dir='ltr'><strong>videtur.</strong></span> <span class='ocrx_word' id='word_1_257' title='bbox 943 2090 1086 2132; x_wconf 87' lang='lat' dir='ltr'><strong>Pauca</strong></span> <span class='ocrx_word' id='word_1_258' title='bbox 1129 2093 1335 2148; x_wconf 85' lang='lat' dir='ltr'><strong>quaedam</strong></span> <span class='ocrx_word' id='word_1_259' title='bbox 1377 2094 1571 2138; x_wconf 78' lang='lat' dir='ltr'><strong>dialectis</strong></span> 
     </span>
     <span class='ocr_line' id='line_1_29' title="bbox 126 2154 1572 2220; baseline 0.006 -24"><span class='ocrx_word' id='word_1_260' title='bbox 126 2154 318 2197; x_wconf 84' lang='lat' dir='ltr'><strong>Creticae</strong></span> <span class='ocrx_word' id='word_1_261' title='bbox 350 2163 392 2197; x_wconf 89' lang='lat' dir='ltr'><strong>et</strong></span> <span class='ocrx_word' id='word_1_262' title='bbox 410 2156 649 2197; x_wconf 87' lang='lat' dir='ltr'><strong>Laconicae</strong></span> <span class='ocrx_word' id='word_1_263' title='bbox 678 2157 852 2214; x_wconf 76' lang='lat' dir='ltr'><strong>proprIa</strong></span> <span class='ocrx_word' id='word_1_264' title='bbox 881 2165 995 2198; x_wconf 88' lang='lat' dir='ltr'><strong>sunt.</strong></span> <span class='ocrx_word' id='word_1_265' title='bbox 1057 2158 1166 2199; x_wconf 78' lang='lat' dir='ltr'><strong>Nam</strong></span> <span class='ocrx_word' id='word_1_266' title='bbox 1190 2160 1340 2202; x_wconf 83' lang='lat' dir='ltr'><strong>Cretes</strong></span> <span class='ocrx_word' id='word_1_267' title='bbox 1370 2178 1448 2220; x_wconf 87' lang='lat' dir='ltr'><strong>pro</strong></span> <span class='ocrx_word' id='word_1_268' title='bbox 1471 2164 1572 2212; x_wconf 70' lang='grc' dir='ltr'><strong>θεός</strong></span> 
     </span>
     <span class='ocr_line' id='line_1_30' title="bbox 125 2223 1568 2283; baseline 0.007 -20"><span class='ocrx_word' id='word_1_269' title='bbox 125 2223 325 2264; x_wconf 82' lang='lat' dir='ltr'><strong>dixerunt</strong></span> <span class='ocrx_word' id='word_1_270' title='bbox 354 2223 476 2271; x_wconf 71' lang='grc' dir='ltr'><strong>θιός</strong></span> <span class='ocrx_word' id='word_1_271' title='bbox 506 2224 713 2280; x_wconf 71' lang='lat' dir='ltr'><strong>(Hesych.</strong></span> <span class='ocrx_word' id='word_1_272' title='bbox 749 2226 869 2277; x_wconf 73' lang='grc' dir='ltr'>θῖος,</span> <span class='ocrx_word' id='word_1_273' title='bbox 903 2224 1023 2273; x_wconf 71' lang='grc' dir='ltr'><em>θεὸς·</em></span> <span class='ocrx_word' id='word_1_274' title='bbox 1058 2229 1236 2278; x_wconf 66' lang='grc' dir='ltr'><strong>Κρῆτες)</strong></span> <span class='ocrx_word' id='word_1_275' title='bbox 1267 2228 1379 2271; x_wconf 88' lang='lat' dir='ltr'><strong>sicut</strong></span> <span class='ocrx_word' id='word_1_276' title='bbox 1398 2230 1568 2283; x_wconf 87' lang='lat' dir='ltr'><strong>Boeoti,</strong></span> 
     </span>
     <span class='ocr_line' id='line_1_31' title="bbox 125 2289 1570 2352; baseline 0.007 -22"><span class='ocrx_word' id='word_1_277' title='bbox 125 2306 256 2348; x_wconf 86' lang='lat' dir='ltr'><strong>quare</strong></span> <span class='ocrx_word' id='word_1_278' title='bbox 286 2290 330 2330; x_wconf 88' lang='lat' dir='ltr'><strong>in</strong></span> <span class='ocrx_word' id='word_1_279' title='bbox 364 2289 479 2331; x_wconf 84' lang='lat' dir='ltr'><strong>Cret.</strong></span> <span class='ocrx_word' id='word_1_280' title='bbox 511 2290 647 2344; x_wconf 83' lang='lat'>2554,</span> <span class='ocrx_word' id='word_1_281' title='bbox 682 2292 760 2334; x_wconf 85' lang='lat'><strong>185</strong></span> <span class='ocrx_word' id='word_1_282' title='bbox 800 2308 878 2350; x_wconf 88' lang='lat' dir='ltr'><strong>pro</strong></span> <span class='ocrx_word' id='word_1_283' title='bbox 916 2291 996 2340; x_wconf 66' lang='lat' dir='ltr'><strong>voig-</strong></span> <span class='ocrx_word' id='word_1_284' title='bbox 1025 2292 1222 2342; x_wconf 77' lang='grc' dir='ltr'><strong><em>ἀλλοσιως</em></strong></span> <span class='ocrx_word' id='word_1_285' title='bbox 1251 2296 1480 2352; x_wconf 77' lang='lat' dir='ltr'><strong>legendum</strong></span> <span class='ocrx_word' id='word_1_286' title='bbox 1510 2299 1570 2340; x_wconf 89' lang='lat' dir='ltr'><strong>vi-</strong></span> 
     </span>
     <span class='ocr_line' id='line_1_32' title="bbox 126 2356 1571 2415; baseline 0.006 -16"><span class='ocrx_word' id='word_1_287' title='bbox 126 2357 249 2399; x_wconf 87' lang='lat' dir='ltr'><strong>detur</strong></span> <span class='ocrx_word' id='word_1_288' title='bbox 278 2356 355 2404; x_wconf 64' lang='grc' dir='ltr'><strong>τώς</strong></span> <span class='ocrx_word' id='word_1_289' title='bbox 387 2357 513 2405; x_wconf 68' lang='grc' dir='ltr'><em>ἄλλως</em></span> <span class='ocrx_word' id='word_1_290' title='bbox 542 2358 672 2407; x_wconf 68' lang='grc' dir='ltr'>θιώς,</span> <span class='ocrx_word' id='word_1_291' title='bbox 715 2359 800 2400; x_wconf 85' lang='lat' dir='ltr'><strong>vid.</strong></span> <span class='ocrx_word' id='word_1_292' title='bbox 833 2360 873 2413; x_wconf 66' lang='grc' dir='ltr'><strong>ξ.</strong></span> <span class='ocrx_word' id='word_1_293' title='bbox 908 2362 956 2410; x_wconf 82' lang='grc'>7,</span> <span class='ocrx_word' id='word_1_294' title='bbox 990 2361 1039 2415; x_wconf 74' lang='lat'><strong>33</strong></span> <span class='ocrx_word' id='word_1_295' title='bbox 1080 2362 1295 2404; x_wconf 87' lang='lat' dir='ltr'><strong>Laconica</strong></span> <span class='ocrx_word' id='word_1_296' title='bbox 1325 2374 1425 2406; x_wconf 88' lang='lat' dir='ltr'><strong>sunt</strong></span> <span class='ocrx_word' id='word_1_297' title='bbox 1456 2367 1571 2415; x_wconf 67' lang='grc' dir='ltr'><strong><em>σιός</em></strong></span> 
     </span>
    </p>
   </div>
   <div class='ocr_carea' id='block_1_3' title="bbox 126 2537 1569 2815">
    <p class='ocr_par' dir='ltr' id='par_1_3' title="bbox 126 2537 1569 2815">
     <span class='ocr_line' id='line_1_33' title="bbox 171 2537 1565 2585; baseline 0.011 -17"><span class='ocrx_word' id='word_1_298' title='bbox 171 2537 207 2575; x_wconf 82' lang='grc'><strong>2)</strong></span> <span class='ocrx_word' id='word_1_299' title='bbox 256 2537 314 2569; x_wconf 78' lang='lat' dir='ltr'><strong>Et.</strong></span> <span class='ocrx_word' id='word_1_300' title='bbox 344 2537 381 2570; x_wconf 82' lang='lat' dir='ltr'>M</span> <span class='ocrx_word' id='word_1_301' title='bbox 422 2538 506 2577; x_wconf 74' lang='lat'>382,</span> <span class='ocrx_word' id='word_1_302' title='bbox 533 2539 588 2570; x_wconf 71' lang='grc'><strong>42.</strong></span> <span class='ocrx_word' id='word_1_303' title='bbox 618 2537 726 2576; x_wconf 71' lang='grc' dir='ltr'><em>Ἴωνες</em></span> <span class='ocrx_word' id='word_1_304' title='bbox 751 2541 806 2573; x_wconf 79' lang='grc' dir='ltr'><strong>καὶ</strong></span> <span class='ocrx_word' id='word_1_305' title='bbox 832 2542 971 2585; x_wconf 78' lang='grc' dir='ltr'><strong><em>Δωριεῖς</em></strong></span> <span class='ocrx_word' id='word_1_306' title='bbox 997 2543 1053 2576; x_wconf 79' lang='grc' dir='ltr'><strong>διὰ</strong></span> <span class='ocrx_word' id='word_1_307' title='bbox 1077 2548 1139 2578; x_wconf 79' lang='grc' dir='ltr'><strong>τοῦ</strong></span> <span class='ocrx_word' id='word_1_308' title='bbox 1164 2547 1179 2577; x_wconf 67' lang='grc' dir='ltr'><strong>ι’</strong></span> <span class='ocrx_word' id='word_1_309' title='bbox 1205 2545 1296 2578; x_wconf 79' lang='grc' dir='ltr'><strong><em>ἱστιῶ</em></strong></span> <span class='ocrx_word' id='word_1_310' title='bbox 1322 2548 1375 2579; x_wconf 82' lang='grc' dir='ltr'><strong>καὶ</strong></span> <span class='ocrx_word' id='word_1_311' title='bbox 1400 2546 1499 2582; x_wconf 79' lang='grc' dir='ltr'><strong>ἱστία.</strong></span> <span class='ocrx_word' id='word_1_312' title='bbox 1530 2572 1565 2578; x_wconf 83' lang='lat'><strong>--</strong></span> 
     </span>
     <span class='ocr_line' id='line_1_34' title="bbox 126 2593 1569 2646; baseline 0.011 -21"><span class='ocrx_word' id='word_1_313' title='bbox 126 2593 312 2626; x_wconf 86' lang='lat' dir='ltr'><strong>Heraclid.</strong></span> <span class='ocrx_word' id='word_1_314' title='bbox 339 2593 434 2636; x_wconf 88' lang='lat' dir='ltr'><strong>apud</strong></span> <span class='ocrx_word' id='word_1_315' title='bbox 461 2595 624 2628; x_wconf 75' lang='lat' dir='ltr'><strong>Eustatln.</strong></span> <span class='ocrx_word' id='word_1_316' title='bbox 654 2599 757 2639; x_wconf 78' lang='lat'>1562,</span> <span class='ocrx_word' id='word_1_317' title='bbox 783 2601 838 2632; x_wconf 56' lang='lat'><strong>43.</strong></span> <span class='ocrx_word' id='word_1_318' title='bbox 880 2601 1016 2633; x_wconf 71' lang='grc' dir='ltr'><strong><em>Σικελοὶ</em></strong></span> <span class='ocrx_word' id='word_1_319' title='bbox 1045 2601 1086 2635; x_wconf 84' lang='grc' dir='ltr'><strong>τὸ</strong></span> <span class='ocrx_word' id='word_1_320' title='bbox 1120 2601 1277 2645; x_wconf 72' lang='grc' dir='ltr'><strong>ἀρκτικὸν</strong></span> <span class='ocrx_word' id='word_1_321' title='bbox 1295 2605 1314 2636; x_wconf 74' lang='grc' dir='ltr'>Ξ</span> <span class='ocrx_word' id='word_1_322' title='bbox 1341 2599 1364 2646; x_wconf 72' lang='grc' dir='ltr'><em>ᾧ</em></span> <span class='ocrx_word' id='word_1_323' title='bbox 1389 2604 1506 2641; x_wconf 70' lang='grc' dir='ltr'><strong>ἕπεται</strong></span> <span class='ocrx_word' id='word_1_324' title='bbox 1529 2608 1569 2643; x_wconf 80' lang='grc' dir='ltr'><strong>τὸ</strong></span> 
     </span>
     <span class='ocr_line' id='line_1_35' title="bbox 127 2650 1565 2707; baseline 0.012 -28"><span class='ocrx_word' id='word_1_325' title='bbox 127 2651 247 2691; x_wconf 70' lang='grc' dir='ltr'>σίγμα,</span> <span class='ocrx_word' id='word_1_326' title='bbox 288 2650 331 2687; x_wconf 63' lang='grc' dir='ltr'><strong>εἰς</strong></span> <span class='ocrx_word' id='word_1_327' title='bbox 352 2652 371 2684; x_wconf 79' lang='grc' dir='ltr'><em>ἶ</em></span> <span class='ocrx_word' id='word_1_328' title='bbox 397 2654 658 2691; x_wconf 67' lang='grc' dir='ltr'><strong>μετατιθέασιν,</strong></span> <span class='ocrx_word' id='word_1_329' title='bbox 700 2657 800 2697; x_wconf 81' lang='lat' dir='ltr'><strong>cujus</strong></span> <span class='ocrx_word' id='word_1_330' title='bbox 829 2656 881 2690; x_wconf 87' lang='lat' dir='ltr'><strong>rei</strong></span> <span class='ocrx_word' id='word_1_331' title='bbox 909 2659 1079 2703; x_wconf 82' lang='lat' dir='ltr'><strong>exempla</strong></span> <span class='ocrx_word' id='word_1_332' title='bbox 1104 2660 1210 2693; x_wconf 79' lang='lat' dir='ltr'><strong>affert</strong></span> <span class='ocrx_word' id='word_1_333' title='bbox 1236 2660 1334 2702; x_wconf 80' lang='grc' dir='ltr'>ἴσχω,</span> <span class='ocrx_word' id='word_1_334' title='bbox 1368 2663 1471 2705; x_wconf 79' lang='grc' dir='ltr'>ἴσπω,</span> <span class='ocrx_word' id='word_1_335' title='bbox 1497 2664 1565 2707; x_wconf 70' lang='grc' dir='ltr'>ἵζω,</span> 
     </span>
     <span class='ocr_line' id='line_1_36' title="bbox 127 2706 1566 2759; baseline 0.012 -20"><span class='ocrx_word' id='word_1_336' title='bbox 127 2706 233 2750; x_wconf 75' lang='grc' dir='ltr'>ἱστίη,</span> <span class='ocrx_word' id='word_1_337' title='bbox 259 2708 352 2741; x_wconf 86' lang='lat' dir='ltr'><strong>male</strong></span> <span class='ocrx_word' id='word_1_338' title='bbox 379 2716 522 2751; x_wconf 75' lang='lat' dir='ltr'><strong>praeter</strong></span> <span class='ocrx_word' id='word_1_339' title='bbox 547 2710 722 2745; x_wconf 78' lang='lat' dir='ltr'><strong>ultimum.</strong></span> <span class='ocrx_word' id='word_1_340' title='bbox 762 2733 800 2737; x_wconf 96' lang='lat'><strong>—</strong></span> <span class='ocrx_word' id='word_1_341' title='bbox 851 2714 1016 2748; x_wconf 73' lang='lat' dir='ltr'><strong>Eustath.</strong></span> <span class='ocrx_word' id='word_1_342' title='bbox 1049 2718 1158 2758; x_wconf 78' lang='lat'>1579,</span> <span class='ocrx_word' id='word_1_343' title='bbox 1183 2719 1237 2751; x_wconf 63' lang='lat'><strong>47.</strong></span> <span class='ocrx_word' id='word_1_344' title='bbox 1279 2719 1366 2752; x_wconf 77' lang='grc' dir='ltr'><strong>κατὰ</strong></span> <span class='ocrx_word' id='word_1_345' title='bbox 1390 2721 1470 2759; x_wconf 74' lang='grc' dir='ltr'><strong>τοὺς</strong></span> <span class='ocrx_word' id='word_1_346' title='bbox 1496 2736 1566 2756; x_wconf 82' lang='grc' dir='ltr'><strong>πα-</strong></span> 
     </span>
     <span class='ocr_line' id='line_1_37' title="bbox 129 2763 1016 2815; baseline 0.011 -21"><span class='ocrx_word' id='word_1_347' title='bbox 129 2763 241 2802; x_wconf 68' lang='grc' dir='ltr'><strong><em>λαιοὺς</em></strong></span> <span class='ocrx_word' id='word_1_348' title='bbox 271 2764 301 2797; x_wconf 84' lang='grc' dir='ltr'><strong>υἱ</strong></span> <span class='ocrx_word' id='word_1_349' title='bbox 326 2768 462 2811; x_wconf 61' lang='grc' dir='ltr'><strong><em>Δωριάς</em></strong></span> <span class='ocrx_word' id='word_1_350' title='bbox 488 2767 598 2811; x_wconf 79' lang='grc' dir='ltr'><em>ἱστιᾷν</em></span> <span class='ocrx_word' id='word_1_351' title='bbox 624 2769 773 2810; x_wconf 68' lang='grc' dir='ltr'><strong>λέγουσιν</strong></span> <span class='ocrx_word' id='word_1_352' title='bbox 797 2770 829 2803; x_wconf 73' lang='grc' dir='ltr'><strong>ἐν</strong></span> <span class='ocrx_word' id='word_1_353' title='bbox 852 2774 898 2815; x_wconf 79' lang='grc' dir='ltr'><strong>τῷ</strong></span> <span class='ocrx_word' id='word_1_354' title='bbox 922 2772 1016 2805; x_wconf 82' lang='grc' dir='ltr'><strong>ἰῶτα.</strong></span> 
     </span>
    </p>
   </div>
  </div>
 </body>
</html>
