1779 3079
208 157 309 207 382
562 156 602 214 §.
634 157 712 206 45.
771 157 846 204 De
877 154 1028 203 variis
1055 154 1321 217 particulis.

211 297 250 337 τί
279 313 333 338 κα
362 296 468 350 λέγοι
497 313 584 345 τις,
636 311 678 338 v.
714 293 823 336 1105
864 293 942 335 κᾶν
972 296 1064 343 λῆτε
1103 292 1149 334 in
1188 294 1260 334 καί
1287 295 1378 343 λῆτε
1417 290 1507 333 vid.
1539 291 1580 345 ξ.
1614 292 1669 334 42

212 371 303 405 not.
338 364 416 416 11,
463 380 505 405 v.
541 364 622 406 105
666 363 742 404 κᾶν
781 363 824 402 ἐκ
852 364 926 410 τᾶς
956 364 1082 415 ταγᾶς
1112 360 1207 417 ἔλσῃ
1247 360 1396 418 paullo
1433 358 1670 402 violentius

211 431 258 472 in
290 430 404 471 καῖκ’
437 433 479 472 ἐκ
509 435 596 479 τᾶς.
667 431 776 472 Item
807 430 999 471 Acharn.
1031 430 1115 472 757
1151 444 1230 486 pro
1275 426 1365 469 ἀλλ’
1398 428 1446 468 ἂν
1475 430 1670 483 παχυνθῇ

213 499 343 541 facile
382 499 627 541 restituitur
679 497 767 539 ἀλλ’
816 499 860 538 αἱ
900 499 1108 552 παχυνθῇ.
1185 496 1320 553 Apud
1362 494 1670 537 Archimedem

212 567 327 608 haud
358 583 454 609 raro
479 567 527 608 ἄν
547 583 570 608 e
592 565 762 623 vulgari
784 565 935 623 lingua
955 571 1178 622 acceptum
1201 580 1298 606 csse
1318 578 1404 604 non
1428 561 1669 604 miraberis.

327 634 473 691 [taque
520 635 711 692 genuina
749 633 884 675 Doris
927 634 1098 690 ignorat
1138 632 1186 673 ἄν
1229 639 1271 672 ct
1314 645 1673 688 quorumcunque

209 709 376 759 partem
408 717 456 743 ca
487 703 700 760 particula
731 701 883 754 efficit,
930 701 1001 741 ἐάν
1035 701 1126 743 sive
1159 699 1230 749 ἄν,
1281 699 1403 753 ὅταν,
1449 698 1550 748 ἐπήν
1582 699 1673 740 sive

211 770 339 824 ἐπάν,
381 778 529 812 contra
560 771 723 828 ubique
754 768 964 826 particula
995 784 1048 807 κα
1078 766 1213 808 utitur
1243 767 1427 824 ejusque
1459 764 1672 823 composi-

210 837 268 879 tis
301 839 424 887 αἴκα,
476 838 580 879 ὅκκα
618 853 697 894 pro
738 837 818 878 ὅκα
859 852 939 888 κα,
988 835 1154 888 ἐπείκα,
1213 835 1376 875 rectius
1418 834 1534 874 enim
1576 833 1672 873 αἴκα

212 921 342 963 quam
375 907 422 945 αἴ
447 923 500 946 κα
530 913 572 947 et
603 907 787 947 fortasse
818 903 959 943 ἔπείκα
999 917 1128 959 quam
1169 902 1256 941 ἐπεί
1284 918 1337 941 κα
1367 901 1524 954 scribi,
1573 916 1674 942 mox

212 973 622 1015 demonstrabimus.
689 971 819 1013 Nunc
851 970 902 1012 de
935 968 1148 1026 simplicis
1179 968 1416 1026 particulae
1446 970 1583 1010 forma
1612 967 1673 1010 vi-

213 1041 400 1082 dendum
450 1046 529 1081 cst.
605 1037 885 1082 Grammatici
926 1037 1054 1079 etiam
1095 1053 1163 1077 κεν
1203 1036 1416 1078 Doricum
1455 1052 1551 1078 esse
1590 1043 1674 1076 tra-

212 1110 321 1150 dunt
341 1108 396 1164 2),
431 1124 540 1165 quae
568 1108 705 1149 forma
729 1106 962 1148 Theocrito
992 1104 1219 1146 familiaris
1250 1120 1271 1145 a
1302 1104 1553 1161 purioribus
1580 1104 1675 1145 fon-

211 1176 329 1218 tibus
360 1176 500 1217 aliena
532 1182 627 1228 est,
670 1181 712 1216 et
741 1174 973 1227 miramur,
1015 1189 1091 1214 cur
1122 1172 1388 1229 Apollonius
1421 1188 1489 1213 κεν
1517 1187 1596 1230 pro
1629 1186 1674 1212 κε

213 1244 615 1302 frequentissimum
655 1242 769 1300 apud
798 1243 1037 1284 Homerum
1077 1257 1098 1282 c
1129 1240 1290 1282 Dorica
1331 1240 1514 1281 dialecto
1554 1254 1675 1296 repe-

212 1320 304 1354 tere
334 1312 536 1354 voluerit.
610 1310 730 1352 Idem
765 1309 1028 1367 Apollonius
1051 1311 1086 1359 3)
1130 1325 1183 1349 κα
1213 1308 1404 1350 vocalem
1436 1306 1676 1364 producere

213 1380 354 1422 docet.
415 1379 544 1422 Nunc
574 1386 616 1420 ct
646 1378 832 1436 simplex
863 1395 915 1418 κα
945 1385 986 1418 ct
1016 1376 1351 1433 compositorum
1383 1375 1534 1427 ultima
1559 1373 1674 1432 apud

213 1452 365 1507 po‘etas
409 1462 578 1505 semper
614 1447 704 1487 fere
743 1445 1069 1503 producuntur,
1117 1451 1164 1485 ut
1193 1443 1350 1501 Epieh.
1384 1443 1454 1485 94.
1491 1442 1572 1484 137
1602 1447 1670 1491 κᾶ,

215 1515 266 1565 ἇς
296 1522 350 1556 κᾶ
380 1515 460 1568 19,
508 1515 604 1556 αἴκᾶ
635 1515 702 1557 19.
739 1515 833 1555 111.
870 1514 951 1555 154
992 1512 1118 1562 (ὅκκα
1150 1511 1231 1554 115
1270 1510 1514 1568 ambiguam
1556 1525 1675 1552 men-

214 1599 360 1626 suram
399 1583 570 1636 habet),
624 1583 817 1624 Acharn.
851 1582 948 1624 703.
982 1581 1064 1623 765
1106 1581 1184 1633 κᾶ,
1233 1579 1420 1636 Lysistr.
1465 1579 1562 1620 171.
1595 1577 1677 1620 180

214 1657 272 1693 uo?
301 1667 355 1693 cx
386 1651 686 1693 emendatione
717 1658 891 1703 nostra,
939 1649 1125 1691 Thcocr.
1159 1649 1245 1688 ἐπεί
1273 1646 1326 1688 uc}
1362 1647 1431 1701 ΙΙ,
1464 1646 1570 1699 100,
1620 1646 1677 1693 ὥς

217 1721 273 1761 uo}
303 1719 364 1772 II,
394 1720 500 1772 142,
533 1721 629 1759 αἴκᾶ
657 1719 705 1772 l,
732 1720 774 1761 4.
797 1719 835 1761 5.
854 1719 895 1761 9.
925 1717 1007 1770 61,
1040 1716 1132 1770 ΙΙΙ,
1164 1715 1243 1769 27,
1275 1715 1334 1767 V,
1366 1714 1446 1768 20,
1489 1713 1573 1768 XI,
1602 1713 1675 1766 61,

216 1788 323 1829 ὅκκᾶ
345 1787 474 1839 VIII,
500 1787 570 1829 68.
629 1786 782 1828 Solum
813 1785 920 1827 ὅκκα
951 1785 1147 1826 ultimam
1178 1783 1357 1840 corripit
1377 1783 1564 1823 Theocr.
1591 1780 1674 1834 lv,

214 1856 268 1899 21
301 1862 343 1897 ct
374 1855 419 1896 in
447 1853 655 1896 Nossidis
691 1854 998 1912 epigrammate
1025 1853 1162 1893 Anth.
1191 1850 1286 1892 Pal.
1311 1850 1393 1902 VI,
1423 1849 1529 1903 353,
1565 1863 1675 1906 quae

215 1938 420 1964 mensura
460 1922 610 1963 nescio
650 1938 704 1962 an
745 1938 832 1962 non
874 1921 1014 1977 magis
1056 1936 1078 1961 c
1118 1918 1306 1975 genuina
1336 1917 1503 1958 Doride
1543 1916 1677 1973 petita

218 1990 296 2043 sit,
347 2005 475 2046 quam
516 2005 585 2036 κε,
635 1990 750 2036 αἴκε,
800 2004 909 2045 quac
951 1988 1065 2029 idem
1109 1984 1368 2027 Theocritus
1412 1984 1673 2040 frequentat.

220 2058 383 2099 Contra
419 2057 577 2113 longae
617 2056 780 2097 vocalis
821 2055 865 2096 in
908 2057 987 2096 liae
1026 2053 1236 2111 particula
1279 2051 1517 2107 singularis
1548 2051 1677 2093 elisio

217 2124 460 2168 certissime
499 2124 660 2166 Dorica
707 2131 796 2177 ρει,
842 2122 1055 2180 reperitur
1095 2121 1208 2163 enim
1240 2120 1381 2161 Tabb.
1416 2119 1591 2160 Hcracl.
1635 2119 1675 2171 I,

220 2193 271 2235 53
305 2191 390 2233 αἴκ’
424 2191 646 2246 ἑμπροσθα
679 2190 946 2243 (iwannum,
996 2191 1039 2241 1,
1076 2191 1154 2231 104
1187 2191 1231 2230 αι’
1259 2189 1304 2228 δέ
1331 2187 1374 2242 χ’
1407 2187 1484 2228 ὑπὸ
1514 2187 1676 2239 πολέμω

220 2262 553 2315 ἒγΙΓηληθίωντι,
628 2259 785 2317 Soplir.
829 2259 877 2299 51
927 2256 1152 2310 ώςπεραι’κ’
1199 2258 1239 2305 ἐξ
1284 2256 1373 2304 ἑνός
1416 2254 1673 2307 κελεύματος,

219 2329 378 2387 Epieh.
413 2328 481 2370 19.
515 2329 584 2370 94.
617 2327 687 2370 95.
724 2327 803 2369 ’102
833 2325 895 2380 χ’,
934 2328 961 2368 9
994 2325 1096 2377 ais,
1146 2326 1209 2367 10.
1242 2326 1298 2367 90
1329 2321 1442 2378 ὅκχ’,
1481 2323 1672 2364 Acharn.

219 2398 303 2440 698
333 2395 433 2451 αἴχ’,
466 2396 549 2439 728
583 2394 677 2437 ὅκκ’
708 2402 750 2436 ct
780 2410 906 2451 saepe
937 2394 1050 2451 apud
1083 2392 1381 2436 Theocritum.

268 2564 304 2605 3)
355 2563 532 2606 Apollon.
563 2561 608 2595 de
635 2572 740 2605 pron.
772 2560 855 2599 142,
881 2558 921 2592 C.
972 2556 1061 2596 ἁμὸν
1095 2558 1305 2598 (Doricum)
1339 2558 1410 2590 ἴσον
1434 2557 1499 2590 ἐστὶ
1526 2560 1571 2599 τῷ
1597 2555 1676 2601 ἦμέ-

222 2633 339 2665 τερον,
379 2618 460 2652 ἀλλ’
497 2618 561 2660 0172
595 2618 637 2656 ὥς
668 2631 752 2654 τινες
788 2615 960 2657 ι”πὲλαρίιν
987 2617 1021 2648 ἐκ
1050 2619 1107 2647 τοῦ
1135 2616 1211 2655 ἐμὸς
1239 2617 1489 2658 μετηλῆᾳθαι·
1535 2614 1574 2646 01'·
1607 2614 1676 2661 γάρ

224 2691 305 2710 ποτε
330 2676 370 2711 τὸ
394 2691 408 2710 e
437 2676 479 2713 :Ic
504 2679 528 2708 ἇ
552 2676 684 2722 μακρὸν
707 2674 1028 2716 ,ιιέτῑιὶ.ιι,ιιρ’(ιί·ετ(ιι,
1068 2672 1119 2707 ὅτι
1153 2674 1197 2718 μιν]
1235 2674 1288 2706 ἐπι
1320 2676 1381 2705 τοῦ
1409 2674 1460 2705 κέν
1484 2674 1677 2713 σιί’ὸι’σμοι·,

225 2736 281 2767 καὶ
306 2737 435 2776 ταῦτα,
462 2733 490 2767 εἰ
513 2735 645 2778 δοθείη.
