1779 3079
82 184 123 243 §.
158 185 203 233 9.
265 187 337 232 De
365 204 392 230 σ
421 202 448 232 a
475 183 750 232 Laconibus
778 193 866 229 etc.
899 184 948 229 in
976 182 1088 244 spir.
1123 198 1214 243 asp,
1255 190 1367 227 mut.
1452 180 1516 226 77

81 325 124 360 et
152 319 398 377 ubicunque
428 335 451 360 e
470 325 503 360 θ
523 327 659 360 ortum
691 324 755 358 est
779 316 883 358 etin
902 315 994 356 his:
1026 314 1384 368 πορπακισάμενος
1416 314 1511 365 106,

79 387 268 439 πείσομες
302 387 406 441 168,
436 388 607 427 πείσειεν
636 385 740 435 171,
770 382 1070 434 ποιησώμεσθα
1092 380 1221 435 1006,
1251 383 1515 433 παυσαίμεθα

81 453 218 508 1270,
264 461 307 495 et
335 455 378 494 in
408 469 510 495 voce
550 450 869 508 corruptissima
907 448 1199 502 ἀγκονεύουσαι
1235 451 1363 501 1313,
1408 464 1515 505 quae

78 535 182 561 num
211 519 492 577 Aristophani
530 535 583 560 an
621 518 807 559 librariis
846 534 898 559 an
934 531 1013 574 pro
1053 524 1171 574 parte
1214 516 1297 573 ipsi
1335 515 1515 556 dialecto

79 586 335 640 debeantur,
366 602 514 643 parum
546 592 723 628 constat.

158 692 160 695 ,
190 656 235 705 4)
295 653 569 695 Grammatiei
594 660 803 695 testantur
829 653 881 694 de
910 652 1079 702 ποιήαὶ,
1121 650 1273 704 βουὸα,
1313 648 1446 700 μωὶκά
1475 657 1518 691 et

77 725 192 776 μαῖα,
239 724 324 761 πᾶα
345 725 407 773 ⁴),
452 737 633 778 quorum
676 722 778 762 haee·
818 736 841 762 c
871 720 1106 782 Lysistrata
1135 717 1266 776 petita
1293 716 1516 769 videntur3

77 789 152 830 illa
191 795 336 830 eontra
386 804 488 829 num
524 789 666 830 omnia
696 787 910 829 Laconica
947 787 1058 841 sint,
1118 785 1294 827 dubium
1335 790 1415 824 est.
1463 808 1517 815 —-

77 855 230 913 Neque
262 855 422 897 decreti
452 855 496 896 in
525 856 800 898 Timotheum
828 862 975 896 auctor
995 853 1256 896 Laconicum
1286 852 1400 892 hune
1430 865 1517 892 lno-

77 937 167 964 rem
197 922 436 979 ignoravit,
469 922 543 979 qui
572 923 746 981 scripsit
765 927 890 976 μυῖαν.
952 922 1085 979 Apud
1101 919 1365 977 Hesychium
1385 933 1519 976 pauca

77 997 207 1043 sunt,
239 1005 347 1048 quae
373 991 458 1031 huc
487 991 646 1031 referas
663 1022 676 1043 ,
707 1007 815 1048 quae
844 990 1018 1047 collegit
1046 989 1250 1046 pleraque
1279 986 1321 1028 V
1325 986 1432 1028 alck.
1465 985 1517 1027 ad

77 1056 223 1098 Adon.
257 1073 300 1115 p.
332 1057 440 1111 276,
474 1057 508 1098 C
540 1073 694 1115 seqq.:

190 1124 368 1179 ἅπεϊρ,
408 1124 588 1175 ὕσπληξ·
627 1125 828 1172 Λάκωνες
857 1124 1004 1181 (vulgo
1036 1124 1195 1178 ἅππιρ,
1236 1121 1351 1180 quod
1380 1136 1518 1163 corre·

78 1190 219 1232 ximus
249 1206 379 1249 supra
408 1187 447 1247 ἓ.
480 1192 507 1234 8
549 1198 637 1233 not.
670 1193 715 1243 2)
758 1207 836 1249 pro
879 1191 1039 1245 ἄφεσις.
1116 1189 1317 1247 Aspirata
1345 1195 1520 1247 propter

78 1264 327 1315 sequentem
357 1274 554 1317 asperum
585 1259 741 1315 (ἅπεὶρ)
770 1259 815 1300 in
845 1266 1015 1301 tenuem
1044 1265 1201 1300 mutata
1232 1264 1310 1299 est.

187 1327 348 1381 βίωρ,
380 1327 506 1379 ἴσως,
542 1327 710 1382 σχεδόν·
742 1327 964 1377 Λάκωνες,
998 1328 1054 1368 cf.
1087 1323 1127 1383 ἓ.
1153 1326 1204 1379 5,
1228 1326 1255 1366 4
1285 1331 1327 1366 et
1346 1325 1386 1378 ξ.
1411 1324 1454 1377 8,
1472 1324 1515 1366 2.

189 1394 349 1448 κασέρ
365 1411 513 1449 nvom,
560 1394 731 1436 κάθελε·
776 1394 999 1449 Λάκωνες,
1055 1394 1092 1435 Si
1122 1393 1294 1452 quidem
1327 1391 1518 1433 Koenius

78 1458 130 1501 ad
160 1458 291 1516 Greg.
323 1476 367 1518 p.
401 1462 478 1504 301
512 1468 625 1504 reete
657 1461 893 1505 emendavit
923 1463 1154 1516 κασαίρηον
1184 1461 1214 1503 i.
1240 1477 1278 1503 e.
1312 1460 1521 1514 καθαίρη-

81 1543 181 1576 σον,
213 1528 270 1568 cf.
303 1528 344 1580 ξ.
376 1529 419 1583 7,
449 1530 491 1571 2.

125 1777 160 1819 4)
210 1776 300 1812 vid.
333 1783 408 1811 not.
437 1779 468 1811 1.
495 1778 527 1811 2.
555 1780 576 1812 3
614 1783 649 1810 et
681 1783 870 1822 praeterea
903 1777 959 1811 Et.
993 1777 1043 1812 M.
1071 1779 1157 1821 208,
1183 1778 1215 1812 4.
1252 1776 1389 1812 Bovo'a·
1425 1775 1525 1820 ἀλγεῖ

77 1843 148 1871 τις·
178 1833 272 1875 τάχα
296 1833 332 1867 θ’
359 1834 394 1868 αἶ
416 1834 569 1876 βουσόαι.
619 1834 760 1873 ἔλλείψη
783 1838 845 1869 ’τοῖ4
869 1836 888 1869 ὅ
916 1835 973 1868 καὶ
996 1837 1131 1875 πνξῖνμα
1155 1837 1332 1882 προςῆλθε
1358 1833 1397 1868 τὸ
1424 1833 1521 1868 δασύ.

78 1890 195 1926 Quum
234 1889 358 1933 ἀγέλας
392 1894 524 1926 παίδων
559 1892 655 1936 apud
693 1891 892 1936 Spartanos
928 1891 1035 1934 βούας
1072 1900 1215 1927 vocatas
1252 1904 1332 1927 esse
1368 1899 1520 1934 constet,

79 1948 376 1982 Hemsterhusius
408 1950 452 1983 ad
490 1949 651 1994 Hesych.
691 1950 774 1984 Vol.
803 1949 838 1982 ΙΙ
875 1962 907 1994 p.
938 1951 1023 1984 1294
1062 1957 1134 1984 not.
1162 1952 1202 1985 19
1237 1950 1328 1993 βούα
1362 1962 1382 1983 e
1413 1948 1521 1992 βουὸα

81 2012 306 2042 contractum
332 2018 411 2041 esse
436 2014 536 2051 putat
561 2015 595 2040 et
622 2017 833 2052 corruptum
858 2008 1073 2052 Etymologi
1107 2008 1225 2042 locum
1260 2009 1311 2042 ita
1335 2008 1522 2042 emendat:

78 2061 209 2105 fictitia,
234 2062 338 2107 ἀγέλη
366 2086 405 2091 -
431 2063 647 2105 τετάχαθ’
675 2065 716 2097 αἱ
739 2063 900 2107 eafba»
922 2064 997 2098 ἀντὶ
1021 2068 1083 2098 τοῦ
1108 2065 1251 2107 βοιῖσοαι
1319 2066 1386 2100 Cui
1413 2076 1520 2108 quum

81 2131 205 2155 omnes
230 2121 441 2165 adstipulati
467 2133 551 2157 esse
576 2122 791 2165 videantur,
842 2133 906 2156 nos
941 2123 1048 2156 valde
1082 2122 1308 2166 dubitamus,
1354 2134 1398 2157 an
1433 2122 1523 2164 βούα

82 2189 153 2211 non
180 2178 227 2212 sit
251 2189 345 2212 nova
369 2179 509 2213 ratione
534 2191 553 2213 e
579 2177 690 2221 fi'ovb'a
714 2188 832 2214 natum
868 2192 985 2223 neque
1013 2180 1238 2223 reliquorum
1263 2180 1383 2213 audax
1410 2188 1521 2214 muta-

81 2234 134 2269 tio
160 2235 309 2280 probari
336 2236 460 2280 possit.
509 2236 548 2271 Si
574 2237 662 2279 quid
690 2238 776 2271 licet
801 2237 836 2270 in
864 2245 962 2271 tanta
987 2238 1224 2282 corruptione
1249 2237 1450 2282 suspicari,
1484 2237 1521 2271 in

80 2292 175 2334 τάχα
201 2291 236 2326 θ’
265 2293 300 2325 αἶ
326 2293 425 2327 vocis
448 2292 557 2335 βουὸα
582 2295 784 2340 explicatio
810 2295 924 2328 latere
950 2294 1096 2328 videtur
1118 2298 1260 2336 ταχεῖα,
1300 2295 1383 2338 θοή.
1431 2295 1522 2329 Nam

78 2349 208 2392 βουσόα
235 2361 255 2383 a
280 2349 363 2383 ozz'w
388 2358 423 2385 et
448 2351 628 2385 intensive
662 2357 727 2394 βου
758 2351 921 2386 derivari
954 2359 1107 2396 poterat.
1169 2352 1315 2386 Deinde
1348 2351 1447 2394 ἀλγεῖ
1474 2366 1524 2390 τις

83 2408 240 2442 sortasse
266 2416 476 2452 corruptum
501 2416 556 2443 est
581 2421 627 2443 ex
650 2409 788 2455 Ἀργεία
810 2423 859 2446 τις
920 2409 1010 2443 Tum
1038 2420 1057 2442 a
1084 2409 1266 2454 Dercyllo
1293 2410 1382 2450 (vid.
1410 2421 1461 2443 nr.
1487 2412 1522 2454 5)

83 2464 258 2508 Argivam
297 2465 476 2507 quandam
511 2464 630 2501 Βουὸα
666 2474 977 2501 commemoratam
1015 2467 1128 2500 fuisse
1165 2466 1374 2510 putaveris,
1423 2469 1523 2510 cujus

82 2531 211 2555 nomen
248 2529 285 2556 et
317 2522 474 2557 maxime
508 2523 676 2568 spiritum
703 2525 738 2558 in
764 2536 810 2557 eo
835 2524 1011 2567 scriptum
1037 2523 1264 2566 grammatici
1290 2524 1356 2556 illa
1382 2523 1523 2559 ratione

82 2579 344 2623 explicuerint.
407 2580 479 2614 Sed
518 2581 605 2614 nolo
638 2581 675 2614 in
702 2581 810 2615 tantis
835 2581 997 2615 tenebris
1022 2581 1220 2623 quidquam
1247 2581 1444 2616 affirmare.
1480 2602 1520 2610 —

82 2636 140 2670 Et.
166 2637 217 2673 Μ.
243 2638 330 2679 646,
356 2640 411 2673 36.
450 2636 490 2672 τὸ
513 2640 608 2679 πᾶα,
649 2637 690 2676 ὥς
716 2639 800 2681 λέγει
819 2636 1027 2684 Ἡρωδιανὸς
1059 2640 1135 2683 περὶ
1171 2640 1317 2679 παθῶν,
1355 2638 1424 2671 ἀπὸ
1459 2642 1521 2674 τοῦ

82 2694 179 2725 πᾶσα
201 2695 349 2736 γίγνεται
409 2694 550 2737 Scholl.
580 2695 692 2730 Arist.
720 2696 807 2741 LyS.
834 2698 913 2731 995.
945 2699 1042 2729 πᾶα·
1068 2693 1175 2732 οὕτως
1193 2693 1401 2740 Ἡρωδιανὸς
1424 2697 1458 2730 ἐν
1474 2700 1521 2741 τῷ

81 2750 160 2796 περὶ
181 2755 318 2786 παθῶν.
