1779 3079
243 183 310 233 48
653 233 657 236 ,
687 184 728 243 §.
770 185 815 235 5.
885 184 959 232 De
990 184 1249 251 digamma.

249 319 468 362 Bocckhio
510 319 556 361 in
596 336 664 362 nr.
695 321 831 377 2554,
864 322 945 365 126
984 324 1173 364 Βοίνοπα
1214 321 1329 366 Ν.Ρ.
1373 338 1453 381 pro
1490 324 1687 367 Ῥοίνοπα

249 388 483 445 corrigenti
511 404 598 430 non
628 405 804 448 possum
834 389 1109 446 adstipulari,
1141 390 1243 450 quia
1272 390 1318 432 in
1341 390 1525 434 Creticis
1551 390 1687 434 titulis

250 463 346 497 ante
387 456 679 499 Romanorum
714 457 1047 500 dominationem
1083 459 1255 517 scriptis
1295 458 1508 517 digamma
1545 459 1687 518 potius

247 539 333 565 non
363 540 612 582 expressum
644 542 769 584 quam
798 525 843 567 in
873 527 900 579 ,ξ
928 532 1133 568 mutatum
1163 535 1243 570 cst.

361 597 800 648 βορθαγορίσκοι
851 594 940 637 sive
995 593 1293 649 ὀρθαγορίσκοι
1340 595 1454 654 apud
1493 595 1690 638 Lacones

248 661 480 718 peculiaris
517 663 745 721 appellatio
776 670 866 705 erat
903 666 980 703 τῶν
1009 666 1254 717 γαλαθηνῶν
1282 666 1433 719 χοίρων
1465 667 1533 716 ¹⁹).
1602 662 1690 705 Vo-

249 728 311 770 cis
344 736 514 787 etymon
557 732 734 772 dubium
773 738 839 772 est
876 731 1075 782 (ridicule
1116 732 1231 774 enim
1260 733 1312 774 ab
1344 732 1502 787 ὄρθρος
1532 731 1692 774 deriva-

246 801 359 852 tur),
389 814 530 856 neque
560 799 825 841 Boeckhium
853 798 900 840 in
931 799 1108 858 antiquo
1137 799 1262 842 titulo
1290 801 1456 858 Argivo
1486 816 1553 841 nr.
1585 800 1614 843 2
1642 797 1696 840 ad

245 881 402 907 nomen
441 867 664 924 proprium
694 867 977 924 Βορθαγόρας
1019 875 1220 927 putamus
1265 875 1379 910 recte
1417 867 1628 910 Doricum
1667 870 1695 919 β
1758 887 1759 911 1

246 934 542 992 praeponendi
570 951 732 977 morem
761 936 963 978 adhibere
980 968 992 991 ,
1025 936 1185 995 quippe
1215 935 1291 994 qui
1319 935 1454 977 multo
1482 933 1696 977 recentior
1756 962 1759 969 ι

245 1003 316 1045 sit.
377 1003 494 1045 Num
522 1002 733 1060 Hesychii
762 1004 906 1061 glossa
936 1005 1104 1058 βωρθιά
1136 1003 1286 1056 (Salm.
1319 1005 1522 1059 βορθιά),
1569 1002 1696 1056 ὀρθία

247 1071 299 1112 ad
328 1071 512 1112 Dianam
541 1070 726 1124 Ὀρθίαν
754 1072 981 1130 pertineat,
1012 1072 1229 1115 nescimus
1259 1088 1399 1130 neque
1430 1087 1484 1113 ex
1514 1070 1581 1112 his
1609 1085 1695 1112 om-

247 1139 376 1180 nihus
417 1138 548 1194 ὀρθός
586 1139 817 1199 aliquando
857 1141 1069 1198 digamma
1103 1141 1305 1182 habuisse
1351 1139 1556 1196 colligere
1598 1152 1695 1197 pos·

246 1223 408 1249 sumus.

360 1277 403 1329 5)
461 1277 512 1319 ln
544 1277 695 1319 mediis
736 1276 914 1319 vocibus
944 1277 1058 1319 inter
1086 1276 1256 1319 vocales
1283 1277 1448 1320 additae
1477 1277 1643 1319 litterae
1668 1274 1698 1327 ’,ξὲ

249 1345 354 1387 haec
385 1345 580 1403 exempla
608 1347 911 1404 reperiuntur:

361 1412 651 1469 ἀάβακτοι,
687 1413 879 1468 ἀβλαβεῖς
900 1414 1092 1471 Hesych.
1108 1429 1186 1472 pro
1209 1413 1408 1468 ἄάαστος,
1438 1412 1606 1463 ἀάατος,
1637 1412 1694 1454 cf.

250 1480 381 1523 ἆυάτα
411 1481 526 1540 apud
554 1481 791 1524 Pindarum
822 1483 853 1524 i.
886 1499 924 1524 e.
959 1482 1116 1524 άΓάτα.

360 1549 558 1604 &fisiaco
601 1550 796 1592 Lacones
839 1551 1040 1593 dixerunt
1079 1566 1158 1609 pro
1198 1550 1318 1592 ἀείδω
1350 1551 1430 1604 2⁰),
1489 1548 1542 1592 de
1574 1547 1698 1605 cujus

246 1619 364 1662 vocis
394 1618 605 1676 digamma
633 1619 720 1661 vid.
753 1619 805 1660 L.
839 1619 859 1660 I
888 1622 929 1674 ξ.
963 1619 1044 1673 35,
1074 1620 1117 1661 2.

360 1685 578 1740 ἇβέλιος
613 1703 693 1746 pro
735 1687 893 1741 ἀέλιος,
936 1687 1052 1738 ἥλιος
1084 1685 1356 1730 Cretensium
1386 1692 1476 1727 erat
1503 1692 1546 1727 et
1574 1684 1698 1726 Pam-

246 1754 492 1814 phyliorum
522 1758 594 1809 2¹).

296 1904 352 1945 19>
400 1903 561 1949 Hesych.
588 1906 887 1951 βορθαγορίσκεα,
921 1907 1042 1952 χοίρεα
1064 1907 1156 1952 κρέα.
1207 1906 1263 1938 καὶ
1288 1905 1403 1947 μικροὶ
1423 1906 1536 1949 χοῖροι
1558 1900 1700 1948 βορθά-
1743 1916 1746 1933 ι

247 1971 316 1991 xmo
347 1959 473 2002 (Salm.
497 1963 795 2008 βορθαγορίσκοι).
856 1962 1034 2005 Λάκωνες,
1078 1964 1121 1996 cf.
1159 1960 1389 2008 ὀρθαγορικός
1428 1963 1515 2005 (leg.
1543 1959 1700 2006 ὀρθαγο-

247 2018 392 2063 ρίσκος),
423 2020 590 2065 χοιρίδιον
613 2019 741 2066 μικρὸν.
791 2020 925 2054 Athen.
954 2020 1024 2063 IV,
1052 2022 1137 2062 140,
1167 2021 1200 2054 b.
1237 2018 1326 2053 ἀλλὰ
1351 2018 1417 2064 μὴν
1441 2017 1516 2053 οὔδ’
1543 2017 1701 2065 ὀρθαγο-

248 2074 356 2120 ρίσκοι
379 2077 550 2118 λέγονται,
578 2075 620 2115 ὥς
643 2079 742 2122 φησὶν
765 2076 783 2110 ὁ
797 2079 970 2118 Πολέμων,
996 2078 1027 2111 οἱ
1049 2079 1245 2121 γαλαθηνοὶ
1268 2079 1381 2123 χοῖροι
1406 2077 1468 2112 (cs.
1487 2088 1522 2121 p.
1541 2078 1618 2118 139,
1634 2075 1700 2119 b.),

247 2131 322 2166 ἀλλ’
352 2131 641 2181 ὀρθραγορίσκοι,
679 2136 751 2168 ἐπεὶ
781 2135 867 2182 πρὸς
898 2135 958 2169 τὸν
985 2136 1121 2182 ὄρθρον
1155 2136 1428 2181 πιπράσκονται,
1467 2133 1508 2172 ὡς
1532 2135 1703 2180 Περσαῖος

246 2190 376 2237 ἱστορεῖ
404 2191 438 2225 ἐν
467 2195 510 2240 τῇ
535 2194 718 2240 Λακωνικῇ
750 2196 909 2237 πολιτείᾳ
941 2196 999 2228 καὶ
1023 2195 1261 2240 Διοςκουρὶδης
1292 2194 1326 2226 ἐν
1359 2194 1502 2239 δευτέρῳ
1526 2192 1702 2230 πολιτείας

249 2250 306 2282 καὶ
328 2248 545 2296 Ἀριστοκλῆς
569 2251 602 2284 ἐν
624 2254 670 2294 τῷ
697 2253 850 2298 προτέρῳ
876 2254 931 2285 καὶ
955 2247 1054 2289 οὗτος
1079 2255 1139 2296 τῆς
1163 2252 1336 2285 Λακώνων
1362 2252 1546 2288 πολιτείας.

295 2309 355 2351 20)
404 2309 566 2354 Hesych.
595 2307 814 2355 ἆπαβοῖδορ,
839 2310 1002 2350 ἐμμελῶς.
1031 2305 1208 2351 Λάκωνες,
1248 2309 1309 2343 ubl
1337 2321 1417 2343 cum
1445 2309 1594 2354 Guyeto
1619 2317 1684 2341 cor

248 2365 348 2408 rigas
371 2366 595 2413 ἆπαβοίὃωρ,
633 2366 789 2406 ἐκμελῶς,
828 2379 895 2412 pro
921 2367 1117 2409 ἀπαοίδως,
1156 2367 1312 2411 (ὶπῴδως.
1358 2387 1399 2392 -
1464 2366 1518 2400 ld.
1546 2365 1672 2408 καλαβ’

247 2422 288 2457 τὸ
312 2427 484 2469 περισπᾷν
508 2423 553 2457 τὰ
577 2424 689 2467 ἰσχία,
714 2428 963 2467 καλαβοῦσθαι
987 2427 1084 2468 (cod.
1115 2425 1338 2468 καλαβοῦτοι)
1364 2425 1397 2458 ἐν
1419 2427 1466 2468 τῷ
1489 2428 1551 2469 τῆς
1572 2426 1655 2470 Αερε

246 2482 339 2519 τίδος
364 2481 441 2528 ἱερῷ
462 2481 655 2528 Ἀρτέμιδος
681 2481 839 2526 ᾀδόμενοι
866 2482 972 2523 imvm.
1023 2484 1062 2517 Si
1092 2486 1258 2519 conseras
1287 2484 1486 2524 καλαοίδια,
1513 2482 1604 2526 ἀγὸν
1626 2476 1669 2516 ἐὴ

247 2538 446 2579 τελούμενος
467 2539 639 2587 Ἀρτέμιδι
663 2540 762 2587 παρὰ
787 2540 963 2583 Λάκωσιν,
1006 2542 1193 2585 intelliges
1220 2541 1360 2576 ultimis
1387 2551 1513 2574 novam
1541 2541 1625 2584 glos

247 2597 447 2631 contineri:
473 2600 703 2641 ξκα).αβοὶδια,
744 2598 776 2632 οἶ
799 2599 832 2632 ἐν
854 2602 900 2643 τῷ
925 2607 993 2634 etc.
1043 2600 1209 2634 Lacones
1236 2600 1392 2633 Dianam
1420 2609 1488 2632 non
1515 2599 1694 2643 obscoeny

248 2654 444 2690 saltatione
481 2657 543 2698 (de
578 2657 748 2691 calabide
786 2657 842 2692 vel
884 2658 1069 2691 callabide
1108 2658 1180 2692 vid.
1207 2658 1340 2692 Athen.
1366 2656 1475 2697 X1v,
1501 2657 1588 2697 629,
1616 2655 1640 2690 s.

248 2711 356 2747 Phot.
386 2714 479 2749 LeX.
504 2726 531 2748 s.
562 2718 606 2754 v.)
633 2716 844 2758 coluerunt,
870 2715 933 2749 sed
962 2716 1129 2760 pulchris
1156 2716 1335 2750 cantibus.

293 2771 352 2812 21)
403 2771 565 2817 Hesych.
593 2772 744 2815 ἀβέλιον,
781 2771 876 2817 ἥλιον
899 2775 1034 2819 Κρῆτες
1066 2781 1102 2808 et
1128 2772 1285 2818 ἀβελὶην,
1325 2771 1465 2817 ἡλιακὸν
1488 2771 1554 2814 (3).
1593 2770 1696 2811 Hap-
