1779 3079
203 206 299 256 110
673 205 746 253 De
781 204 1162 255 consonantibus.

204 344 539 399 φαιρίὸὂει-ν,
574 342 803 396 σᾳαιρίζειν
831 348 873 383 et
902 341 1203 397 φαιρωτήρ,
1238 342 1384 393 σκύτος
1411 358 1489 400 pro
1517 360 1644 398 σφαι-

203 410 366 465 ρωτὴρ,
400 409 557 467 quibus
587 409 740 451 addere
769 408 870 451 licet
900 409 1035 463 κάᾳα,
1067 409 1213 463 λουτήρ
1243 411 1300 452 cf.
1326 412 1505 464 σκαᾳαί,
1538 410 1644 467 ὀψο-

200 476 360 520 πλὺνια.
403 503 455 509 —
518 476 677 519 Contra
709 476 1001 535 Syracusanos
1033 477 1194 520 dixisse
1227 478 1431 533 σπυρός
1459 494 1537 537 pro
1567 496 1644 520 nv·-

199 545 272 600 ρός
310 552 488 587 testatur
526 545 594 587 Et.
634 544 698 587 M.
731 546 840 599 724,
871 545 924 587 33
965 546 1019 588 cf.
1061 546 1181 588 Ann.
1231 545 1344 587 Oxx.
1377 546 1420 601 Ι,
1450 547 1560 601 362,
1592 546 1645 589 18

199 620 242 655 et
279 613 468 670 Hesych.
513 612 746 668 σπυρρούς,
791 612 986 669 πυρρούς.
1074 612 1208 655 Iidem
1246 630 1324 672 pro
1367 616 1463 668 σφίν
1492 622 1533 656 et
1564 614 1647 668 σφέ

196 680 472 739 proferebant
501 682 573 734 ψίν
603 687 645 722 et
671 681 730 734 ψέ
755 681 842 723 vid.
877 683 917 734 ξ.
952 681 1019 723 32.
1062 681 1128 723 10.
1164 682 1231 723 11.

307 749 424 791 Ante
468 767 494 802 μ
537 748 750 804 abjectum
794 757 858 790 est
898 765 922 789 σ
965 748 1009 789 in
1048 748 1279 804 μύραινα
1319 764 1398 806 pro
1440 748 1643 804 σμύραινα

195 816 349 875 Epich.
384 816 460 869 53,
492 823 534 858 et
562 815 675 874 apud
706 814 976 873 Sophronen‘i
1007 816 1093 857 vid.
1126 816 1288 858 Athen.
1312 816 1428 870 Vll,
1459 817 1555 859 312.
1587 816 1638 858 C.

303 885 349 937 4)
408 883 547 941 Saepe
589 883 854 940 grammatici
890 889 1101 924 testantur
1138 882 1189 924 de
1219 888 1238 923 λ
1269 891 1366 925 ante
1395 902 1415 924 τ
1444 891 1486 925 et
1514 890 1570 933 θ,
1618 899 1642 925 a

192 951 482 994 Doriensihus
527 951 572 992 in
614 970 633 992 v
670 958 829 992 mutato
850 952 887 1002 3)
928 958 970 992 et
1012 950 1206 1008 exempla
1249 952 1431 993 afferunt
1469 951 1639 1006 βέντιον,

191 1019 421 1073 βέντιστος,
455 1019 666 1072 ᾳίντατος,
695 1022 844 1069 ἠνθεν,
879 1018 1017 1068 ὃέντα,
1051 1019 1187 1069 κε’ντο,
1220 1018 1498 1060 Pindaricum
1522 1018 1579 1060 N.
1585 1018 1640 1060 P.

196 1088 358 1136 Φίντις
406 1086 706 1128 Alcmanicum
750 1086 861 1128 κε’ντο
893 1101 970 1144 pro
1002 1086 1133 1128 κέλετο
1164 1086 1218 1128 fr.
1254 1087 1334 1128 117
1362 1085 1442 1129 W.
1510 1085 1642 1128 Nunc

189 1154 235 1196 in
264 1154 511 1212 purioribus
542 1153 728 1196 Doricae
768 1153 940 1195 dialecti
979 1154 1170 1196 fontibus
1199 1154 1365 1195 nullum
1396 1153 1640 1212 exemplum

187 1220 347 1279 legitur
387 1229 555 1279 praeter
597 1224 784 1275 φίνταται
822 1221 976 1279 Epich.
1009 1222 1094 1278 313
1154 1238 1252 1263 nam
1290 1221 1347 1263 N.
1353 1221 1405 1262 P.
1453 1223 1638 1276 Φιντίας,

185 1289 303 1347 quod
330 1296 373 1331 et
403 1290 515 1347 apud
534 1289 707 1332 Siculos
738 1290 1035 1347 frequentatur
1063 1296 1106 1331 et
1134 1297 1199 1332 est
1229 1289 1275 1330 in
1296 1288 1411 1330 tabh.
1442 1288 1636 1343 Heracl.‚

185 1372 273 1399 non
317 1357 476 1399 certius
519 1373 645 1415 quam
688 1357 966 1399 Pindaricum
1003 1359 1143 1405 Φίντις
1183 1373 1206 1398 a
1249 1358 1364 1410 ᾳίλος
1403 1356 1635 1411 derivatur,

185 1441 318 1482 quum
344 1425 518 1466 nomina
553 1426 722 1474 Φιλτιάς
751 1433 794 1467 et
831 1427 968 1472 Φίλτις
988 1425 1101 1483 apud
1118 1424 1309 1482 reliquos
1338 1423 1527 1467 Graecos
1547 1440 1636 1466 non

184 1492 468 1552 reperiantur.
531 1492 670 1551 Saepe
702 1493 815 1551 apud
843 1493 1122 1535 Theocritum
1153 1494 1284 1534 ἐνθεῑν
1314 1492 1498 1550 leg-itur,
1543 1493 1636 1546 βέν-

182 1577 322 1608 τιστος
350 1560 410 1614 V,
443 1561 512 1603 76.
576 1562 734 1604 Contra
764 1561 808 1602 in
830 1561 943 1602 tahb.
967 1561 1141 1603 Heracl.
1176 1561 1214 1615 Ι,
1242 1561 1317 1602 121
1342 1567 1407 1602 est
1430 1561 1635 1613 βέλτιστα,

180 1627 227 1669 in
256 1628 469 1670 cantilena
499 1629 713 1671 Laconica
745 1628 1020 1671 Schneidew.
1050 1628 1151 1671 Del.
1184 1645 1228 1687 p.
1262 1628 1345 1670 463
1375 1629 1556 1681 βέλτιον,
1588 1628 1635 1670 in

182 1695 421 1753 Lysistrata
451 1695 633 1748 ἔλσοιμι,
667 1695 760 1753 ἔλσῃ
783 1703 864 1738 etc.
886 1712 964 1754 pro
987 1696 1151 1749 ἔλθοιμι
1182 1696 1246 1748 (in
1266 1696 1476 1754 Hesychii
1491 1695 1636 1753 glossa

181 1761 333 1814 ἔνσων,
381 1767 505 1805 ἕλκων
534 1764 701 1806 Reiskii
732 1764 940 1806 correctio
972 1763 1125 1818 ἐνσών,
1157 1764 1289 1806 ἐλθών
1318 1764 1522 1806 incertior
1550 1764 1634 1817 est)

226 1975 262 2015 3)
314 1973 455 2009 Scholl.
483 1975 640 2009 leocr.
667 1976 705 2019 1,
733 1979 786 2010 77.
828 1975 868 2009 τὸ
900 1978 919 2008 λ
955 1975 999 2014 εἰς
1028 1974 1068 2009 τὸ
1096 1976 1118 2010 ὖ
1147 1975 1328 2021 τρέποι-σιν
1359 1973 1391 2006 οἱ
1422 1974 1560 2018 Δωριεῖς
1590 1972 1631 2006 οὗ

179 2041 344 2081 πάντοτε,
380 2041 454 2075 ἀλλ’
481 2042 565 2076 ὅταν
589 2043 682 2087 αὐτῷ
706 2043 747 2078 τὸ
766 2035 801 2077 ’ὅ
823 2044 846 2088 ἢ
869 2043 909 2077 τὸ
930 2046 955 2078 τ’
984 2044 1186 2089 ἐπιφέρηται
1203 2056 1210 2062 ·
1249 2040 1318 2076 οἷον
1350 2044 1522 2085 βέλτιστος
1554 2043 1630 2084 βέν-

174 2111 304 2138 τιστος,
332 2102 493 2139 (χίλτατος
517 2102 696 2139 ᾳίντατος·
722 2099 828 2139 οὕτως
852 2095 911 2134 οὖν
937 2103 991 2134 καὶ
1014 2100 1054 2135 τὸ
1082 2096 1157 2146 riv&
1181 2099 1318 2145 Ἑρμᾶς.
1361 2100 1500 2135 Eadem
1522 2111 1629 2145 prae-

178 2157 320 2202 cipiunt
354 2158 493 2192 Schnll.
533 2159 643 2193 Pind.
671 2159 729 2193 Ol.
756 2159 833 2202 VI,
858 2161 901 2194 37
938 2159 982 2192 ad
1012 2161 1135 2196 Φίντις.
1199 2159 1416 2192 Heraclides
1441 2169 1497 2203 ap.
1523 2159 1627 2192 Eust.

176 2217 265 2253 756,
291 2218 335 2251 30
367 2217 474 2250 affert
500 2217 674 2255 φίντατος,
712 2210 831 2261 ἧνθεν,
870 2218 1002 2255 Φίντις,
1038 2219 1152 2259 γέντο,
1194 2218 1286 2249 κέντο
1311 2228 1355 2249 ex
1384 2217 1557 2250 Alcmane
1582 2217 1629 2249 cf.

179 2274 287 2315 1648,
313 2275 345 2307 4.
398 2274 455 2307 De
488 2275 600 2316 γέντο,
638 2275 736 2317 quod
771 2275 865 2308 male
900 2274 969 2307 huc
997 2275 1154 2308 trahitur
1189 2274 1279 2313 (vid.
1308 2274 1350 2307 L.
1380 2275 1394 2307 l
1435 2274 1462 2316 ξ.
1490 2276 1552 2316 11,
1581 2275 1628 2315 1),

178 2340 370 2376 praeterea
393 2331 557 2366 Eustath.
582 2334 669 2375 918,
696 2333 760 2375 23,
803 2333 942 2366 Herod.
968 2332 1002 2365 in
1032 2333 1075 2366 11.
1104 2332 1172 2365 Ad.
1200 2333 1287 2374 205,
1314 2332 1357 2373 b,
1395 2332 1454 2365 Et.
1483 2332 1544 2365 Or.
1569 2332 1627 2372 42,

177 2391 241 2427 13,
291 2388 348 2422 Et.
379 2389 428 2422 M.
459 2390 544 2433 226,
573 2392 625 2424 10.
663 2409 709 2414 —-
769 2390 803 2424 J.
837 2390 900 2424 Gr.
943 2392 1029 2430 243,
1060 2390 1102 2431 b,
1151 2390 1263 2432 Greg.
1297 2390 1336 2423 C.
1375 2390 1441 2424 354
1476 2396 1513 2422 et
1549 2391 1625 2429 197,

177 2447 329 2480 Meerm.
371 2448 438 2482 658
473 2447 612 2481 Dorica
649 2447 775 2482 dicunt.
808 2450 939 2489 βέντιον
974 2456 1007 2481 et
1045 2441 1159 2490 rJ'vOaer.
1199 2468 1239 2473 —
1290 2448 1345 2480 Et.
1377 2448 1427 2480 M.
1454 2448 1541 2487 503,
1566 2447 1621 2480 48.

174 2505 322 2536 Κένται·
349 2504 418 2537 ἐστὶ
432 2506 624 2538 διαλέκτου·
653 2503 694 2542 ὡς
718 2504 784 2551 γάρ
809 2505 848 2539 τὸ
871 2504 950 2551 παρ’
979 2504 1057 2548 ἡμῖν
1080 2507 1241 2544 φίλτατος
1261 2506 1419 2544 minatae
1445 2505 1500 2536 καὶ
1524 2505 1626 2537 δέλτα

174 2562 274 2595 δ’ἐντα
299 2564 397 2603 (num
422 2564 555 2604 βέλτιον
580 2563 770 2606 βὲντιονῗ)·
812 2561 917 2600 οὕτως
947 2562 1060 2596 xiim»
1089 2565 1211 2596 κίνται,
1264 2563 1321 2596 De
1348 2563 1403 2596 his
1424 2561 1622 2606 paullulum

174 2618 317 2658 dubito.
392 2620 483 2653 Nam
517 2628 576 2654 aut
610 2620 653 2653 ad
682 2620 931 2653 Alcmanicum
966 2623 1056 2653 ›u'rro
1092 2621 1276 2665 pertinere
1313 2626 1460 2664 possunt
1492 2616 1621 2650 autad

172 2678 306 2717 κένσαι,
356 2678 453 2719 quod
479 2688 589 2719 quum
616 2677 825 2721 Hesychius
852 2689 916 2721 per
942 2681 1093 2711 κελεῦσαι
1130 2678 1419 2722 interpretetur,
1469 2680 1623 2720 apparet

173 2734 306 2773 fuisso,
356 2734 418 2776 qui
449 2735 679 2768 Homericum
708 2737 817 2768 κένσαι
845 2747 912 2780 pro
947 2738 1059 2769 κέλσαι
1093 2736 1248 2780 positum
1281 2745 1300 2768 a
1334 2735 1435 2770 κέλω,
1483 2734 1622 2771 κέλομαι

169 2791 389 2826 derivarent.
