1779 3079
233 166 332 215 342
723 165 798 211 De
839 162 1189 228 conjugatione.

234 310 366 343 ratam
401 299 668 359 putaverim,
711 315 810 342 nam
851 299 888 341 si
931 300 1030 358 quis
1072 299 1124 341 de
1165 299 1296 341 verbo
1333 301 1473 355 ἴσχαμι
1510 299 1686 356 cogitet,

234 371 375 424 ἴσχημι
404 368 548 427 potius
579 368 848 426 postulamus
879 375 922 410 et
952 369 1053 410 inde
1084 369 1244 423 ἰσχεῖεν.

347 436 452 486 ζάω
492 437 537 477 in
579 436 869 478 contractione
907 436 1301 493 monosyllabarum
1333 434 1531 492 stirpium
1562 434 1689 478 ratio-

234 520 333 546 nem
375 504 571 564 sequitur
612 503 699 546 vid.
743 505 785 558 ξ.
818 505 898 557 38,
932 505 974 547 2.
1046 503 1341 562 Reperiuntur
1382 503 1461 544 hae
1498 503 1687 545 formae:

235 573 377 615 Indic.
413 576 463 630 ζῇ
493 572 651 630 Epich.
672 573 754 625 95,
788 572 915 627 Conj.
950 575 1069 620 ζῶντι
1100 572 1234 613 Phoe.
1256 572 1326 613 73.
1347 571 1399 613 81
1418 570 1495 624 R.,
1526 570 1687 613 Partic.

236 644 317 690 ζῶν
346 641 504 698 Epieh.
526 641 606 693 96,
639 640 783 681 Rhod.
817 640 944 693 2525,
968 640 1020 692 h,
1057 639 1251 688 ἀναζῶσα
1285 638 1403 680 Cret.
1431 639 1557 681 2566.
1606 638 1690 680 Fu-

234 715 378 750 turum
419 711 556 759 ζησῶν
585 707 743 765 Epich.
777 708 858 750 149
904 708 961 757 (si
1003 708 1084 749 hoe
1124 708 1411 764 fragmentum
1452 706 1690 763 genuinum

236 778 318 827 est)
349 794 373 826 η
406 783 546 818 servat
575 775 665 817 vid.
699 775 739 828 ξ.
775 776 853 827 19,
889 776 929 817 3.

346 842 452 894 η’τί,
486 843 652 896 dicit,
685 842 831 883 Alcm.
863 842 908 882 in
939 843 1061 883 Ann.
1098 840 1212 883 Oxx.
1247 841 1294 894 Ι,
1328 841 1435 894 190,
1467 840 1536 883 20.

348 913 565 952 θᾶσθαι
593 909 772 952 verbum
803 908 961 951 Doridi
991 910 1081 951 fere
1111 908 1361 966 proprium,
1391 908 1509 966 quod
1538 923 1590 949 ex
1619 923 1691 949 an·

236 977 358 1036 tiquo
388 978 569 1030 θηεόμαι.
598 977 798 1029 (θαέομαι
827 976 958 1017 Pind.
1000 976 1053 1017 P.
1078 977 1218 1030 VIII,
1250 976 1350 1030 47),
1385 976 1478 1030 Att.
1511 975 1694 1028 θεάομαι

236 1045 295 1086 ita
333 1052 543 1086 mutatum
584 1051 679 1097 est,
725 1051 772 1086 ut
812 1043 1166 1100 conjugationem
1197 1044 1242 1085 iu
1273 1062 1317 1097 μι
1348 1052 1575 1102 sequatur,
1621 1050 1694 1086 aut

235 1112 381 1171 potius
412 1128 464 1154 ex
493 1112 669 1170 antiqua
697 1112 843 1153 radice
875 1117 982 1153 aab*
1014 1112 1148 1163 (unde
1178 1115 1348 1165 θαῦμα,
1393 1113 1578 1162 τέθηπα,
1621 1129 1694 1152 τα-

238 1178 346 1236 φών)
380 1180 594 1238 digamma
614 1179 785 1235 abjecto
802 1187 947 1221 natum
969 1186 1048 1221 est.
1091 1179 1386 1238 Reperiuntur
1404 1180 1482 1221 hae
1505 1179 1691 1221 formae:

352 1247 589 1303 Conjunct.
623 1247 796 1301 θάμεθα
828 1246 982 1304 Sophr.
1015 1248 1071 1290 42
1101 1248 1191 1290 vid.
1225 1246 1264 1306 ἓ.
1300 1248 1379 1299 39,
1409 1248 1451 1290 2.

349 1316 552 1373 Imperat.
598 1314 704 1357 θάεο
745 1315 789 1356 in
830 1315 1151 1373 epigrammatis
1190 1315 1396 1357 'Nossidis
1427 1315 1563 1356 Anth.
1596 1313 1691 1356 Pal.

237 1383 327 1437 VI,
361 1384 469 1436 354,
514 1383 686 1440 Anytae
716 1383 823 1424 ibid.
856 1383 947 1435 IX,
980 1384 1089 1438 749,
1136 1383 1359 1426 Leonidae
1390 1383 1527 1425 Anth.
1562 1383 1689 1425 Plau.

238 1451 320 1505 IV,
352 1450 435 1493 306
465 1451 521 1492 cf.
556 1451 747 1507 Hesych.
780 1450 912 1501 θάεο,
944 1450 1126 1506 θεώρει,
1170 1455 1313 1492 θᾶσθε
1343 1451 1537 1493 Aelnaru.
1568 1450 1663 1494 736.

350 1519 513 1561 Partie.
532 1518 750 1561 Laconice
775 1519 931 1572 σαμέν
945 1536 985 1569 α,
1017 1521 1221 1571 θεωμένη,
1253 1522 1478 1575 θεωροῦσα
1498 1519 1690 1576 Hesych.

239 1602 263 1629 e
292 1594 439 1629 nostra
469 1587 734 1628 correctione
766 1602 843 1644 pro
877 1587 1088 1639 σαωμένη,
1121 1591 1362 1642 θεωροῦσα.

353 1655 546 1697 Praeter.
605 1655 827 1706 ἴσαμεν,
890 1655 1147 1707 ἑθεωροῦμεν
1167 1667 1176 1676 ·
1237 1654 1438 1703 Λάκωνες
1499 1653 1692 1710 Hesych.

241 1721 518 1779 Corrigimus
559 1721 770 1775 ἕσάμεθα,
816 1723 931 1780 quod
970 1723 1014 1764 in
1057 1723 1402 1764 terminationem
1443 1721 1694 1779 iuterpreta-

238 1790 399 1843 menti,
432 1798 478 1832 ut
509 1806 636 1847 saepe
666 1790 713 1831 fit
733 1790 845 1846 apud
867 1791 1152 1847 Hesychium,
1185 1798 1432 1848 corruptum
1458 1797 1537 1831 cst.
1583 1789 1694 1831 Nam

240 1858 447 1912 objectivi
489 1858 658 1899 nullum
699 1858 930 1914 vestigium
961 1867 1258 1917 praeterquam
1290 1858 1335 1899 in
1371 1857 1694 1914 suspectissima

239 1925 452 1981 Hesychii
500 1926 644 1983 glossa
687 1926 877 1975 θάοιιτα,
927 1926 1202 1975 διδάσκοντα,
1250 1928 1517 1979 θεωροῦντα,
1565 1940 1692 1982 quam

241 1993 401 2050 excipit
429 1996 616 2034 θαοῦντα
647 1994 816 2045 ὁμοίως.

352 2060 518 2102 Aorist.
550 2061 586 2101 Ι.
640 2061 842 2116 Imperat.
892 2062 1028 2100 θᾶσαι
1081 2058 1237 2116 Epieh.
1290 2060 1359 2102 78.
1418 2060 1574 2116 Sophr.
1620 2061 1690 2104 44.

709 2127 896 2168 Theocr.
922 2127 959 2178 1,
988 2126 1081 2169 149.
1116 2128 1201 2179 111,
1227 2128 1292 2169 12.
1327 2127 1407 2182 IV,
1434 2130 1502 2171 50.
1535 2129 1594 2179 X,
1619 2129 1688 2171 41.

705 2194 807 2248 ΧΥ,
840 2194 909 2235 65.
952 2194 1035 2251 Ep.
1073 2195 1137 2235 16.

645 2261 807 2303 lussnit.
840 2261 1065 2303 θάσωῑθαι
1097 2263 1282 2303 Theoer.
1317 2263 1357 2303 11
1378 2294 1389 2316 ,
1422 2264 1491 2305 72.

643 2329 800 2371 Partic.
834 2329 1065 2381 θασάμειόι
1099 2331 1272 2372 lleracl.
1305 2331 1352 2384 1,
1386 2331 1454 2373 70.

357 2399 510 2439 Futur.
551 2398 680 2439 θάσεῖ
717 2398 744 2439 2
772 2397 884 2452 sing.
918 2405 959 2438 et
989 2399 1195 2439 onmia-95
1227 2398 1399 2439 Callim.
1435 2398 1479 2439 in
1512 2397 1612 2440 Cer.
1648 2400 1690 2441 3.

244 2466 322 2519 55,
370 2466 530 2508 Partic-
572 2464 804 2517 θασόμεναι
843 2465 1029 2506 Theocr.
1072 2465 1175 2519 XV,
1206 2467 1259 2507 '23
1290 2465 1450 2522 (magis
1481 2465 1690 2509 Doricum

244 2541 356 2575 esset
384 2534 676 2586 θασούμειάι).

358 2602 642 2659 Imperativus
685 2599 815 2653 θάεο,
862 2601 937 2657 qni
978 2609 1123 2642 eontra
1155 2601 1419 2657 reliquorum
1451 2600 1691 2657 analogiam

244 2669 593 2726 conjugationem
625 2669 667 2709 in
702 2687 732 2708 ω
761 2668 978 2725 seqnitur,
1012 2670 1193 2710 sortasse
1225 2685 1311 2709 non
1346 2684 1368 2709 e
1397 2668 1586 2725 genuina
1602 2668 1690 2710 Do-

245 2737 337 2778 ride
373 2737 560 2794 petitus,
607 2737 682 2779 sed
726 2753 748 2778 a
789 2736 1104 2778 recentioribus
1146 2737 1285 2794 pos-tis
1323 2736 1448 2777 fictus
1487 2743 1565 2777 cst.
1641 2734 1690 2777 Si
