1779 3079
481 169 526 230 §.
552 168 632 218 46.
681 166 834 218 Varia
866 165 1113 230 quaedam.
1424 162 1523 214 387

0 327 13 333 =·
77 312 120 348 et
146 303 385 348 Dorienses
425 303 493 345 usi
533 302 733 346 dicuntur
751 304 787 353 3)
829 317 906 360 pro
948 302 972 352 ἦ
1011 301 1172 357 φύλλα,
1227 300 1361 352 illud,
1405 302 1522 360 quod

3 386 13 406 u
77 372 192 430 apud
216 371 514 429 Phryniehum
544 388 587 430 p.
621 371 703 414 332
731 370 836 412 adeo
865 368 1092 410 barbarum
1122 368 1268 423 audit,
1299 368 1345 410 in
1374 385 1522 412 reeen-

76 440 228 482 tiorem
259 455 529 482 communem
559 437 844 480 Graecitatem
875 436 1159 494 immigravit,
1206 437 1293 478 vid.
1326 437 1518 479 Lobeek.

76 507 130 549 ad
160 508 322 565 Phryn.
367 523 410 564 p.
443 507 538 549 332.
612 506 726 546 Τιιιιι
767 503 1006 546 nonnullae
1047 518 1177 545 voces
1215 503 1261 544 in
1294 521 1363 553 ος,
1410 521 1522 563 quae

77 575 211 633 vulgo
241 574 480 617 masculino
512 589 669 630 genere
694 579 897 625 utuntur,
931 571 1246 623 declinatione,
1277 580 1324 613 ut
1340 589 1417 630 par
1441 581 1520 624 est,

77 642 208 685 simul
239 650 422 695 mutata,
455 640 569 698 apud
599 640 839 682 Dorienses
870 645 970 681 sunt
1001 638 1195 680 neutrius
1228 640 1424 696 generis:
1467 641 1522 683 τὸ

79 709 266 758 σκότος
296 709 452 767 Epich.
488 708 540 751 19
581 724 605 750 e
640 709 850 750 librorum
880 706 1066 749 lectione
1097 722 1120 748 a
1150 705 1278 748 nobis
1308 708 1522 762 restituta,

79 776 190 819 Gen.
224 775 393 824 σκότεος
423 774 582 834 Sophr.
607 776 688 830 80,
720 773 837 834 quod
865 774 986 817 vocis
1015 789 1154 831 genus
1184 789 1238 815 ne
1265 773 1399 815 Attici
1431 775 1525 831 qui-

77 845 176 888 dem
205 844 434 902 ignorant3
479 842 532 885 τὸ
574 843 778 897 σκύφος
808 842 965 901 Epich.
997 842 1076 896 61,
1127 841 1243 900 quod
1274 858 1359 884 non
1390 842 1527 898 magis

77 912 131 954 ab
153 911 300 953 Attica
322 911 639 954 consuetudine
659 911 849 953 alienum
870 918 936 953 est
965 909 1055 952 vid.
1073 909 1235 951 Athen.
1253 909 1336 960 XI,
1354 910 1450 952 498.
1466 909 1525 960 D,

77 979 155 1021 sed
185 979 471 1021 masculinum
509 977 578 1019 τὸν
610 977 771 1033 σκύφον
802 978 959 1036 Sophr.
991 978 1072 1031 483
1114 976 1313 1019 addimus
1352 976 1403 1019 τὸ
1444 978 1529 1030 με’-

78 1064 244 1101 γαρος
287 1062 366 1104 pro
406 1045 450 1088 τὸ
490 1045 689 1099 μέγαρον,
737 1061 847 1104 quae
885 1046 1021 1088 forma
1063 1052 1240 1103 apparet
1276 1061 1299 1087 e
1339 1045 1529 1103 genitivo

79 1115 239 1173 plurali
269 1114 475 1168 μεγαρέων
506 1113 663 1172 Sophr.
696 1114 750 1156 37
781 1113 870 1156 vid.
902 1112 1102 1154 Anecdd.
1136 1112 1248 1154 Oxx.
1281 1113 1315 1162 l,
1340 1114 1438 1167 277,
1458 1113 1527 1156 18.

81 1182 307 1224 Postremo
345 1181 585 1223 masculina
622 1196 700 1239 pro
739 1180 908 1224 neutris
945 1187 1047 1222 sunt
1086 1180 1107 1221 ὁ
1137 1179 1395 1235 τάριχος,
1443 1196 1530 1238 quo

78 1249 365 1307 Epicharmus
396 1263 502 1291 usus
533 1256 600 1291 est
628 1256 737 1290 teste
765 1249 991 1291 Athenaeo
1018 1247 1100 1301 ΙΙΙ,
1119 1247 1215 1290 119.
1233 1248 1287 1289 Β.
1306 1248 1364 1298 D,
1398 1264 1532 1306 quum

20 1347 26 1354 .
77 1316 217 1359 Attici
245 1325 476 1373 utrumque
505 1332 643 1373 genus
673 1316 974 1375 probaverint,
1006 1322 1049 1358 et
1079 1316 1101 1357 ὁ
1131 1314 1364 1368 θάμβος,
1403 1317 1532 1372 eujus

80 1385 347 1444 singularem
377 1400 505 1426 usum
536 1384 787 1426 Simonides
818 1383 1002 1436 (Seholl.
1037 1383 1095 1424 A.
1129 1382 1260 1425 Hom.
1294 1384 1347 1427 ll.
1383 1386 1428 1431 ὃ,
1458 1384 1532 1435 79)

80 1453 265 1495 fortasse
295 1451 589 1493 Doriensibus
618 1451 761 1493 debet.

191 1521 236 1571 2)
295 1519 346 1560 In
393 1518 761 1577 comparativi
803 1525 846 1560 et
890 1516 1235 1574 superlativi
1279 1518 1533 1560 formatione

80 1587 290 1630 nonnulla
321 1586 558 1643 peculiaria
587 1594 660 1628 aut
691 1591 806 1628 certe
836 1584 1046 1627 notabilia
1079 1585 1379 1627 observantur.
1438 1585 1537 1626 Pri-

25 1688 31 1696 .
80 1670 199 1696 mum
240 1653 455 1709 adjectiva
505 1653 552 1694 in
602 1670 648 1701 ος
693 1653 807 1710 apud
849 1656 1000 1710 po'etas
1044 1650 1233 1695 Doricos
1274 1652 1537 1710 irregulares

83 1720 397 1779 comparativos
436 1727 478 1761 et
517 1720 803 1778 superlativos
835 1720 881 1761 in
912 1734 1077 1773 εστερος
1107 1726 1150 1761 et
1180 1735 1345 1769 εστατος
1377 1727 1537 1773 amant,

83 1804 226 1848 neque
256 1787 419 1830 Atticis
459 1802 602 1844 neque
641 1786 825 1829 Ionibus
864 1786 1055 1844 ignotos.
1127 1786 1199 1829 Ab
1231 1786 1462 1829 Eustathio
1491 1787 1538 1828 in

82 1856 204 1914 larga
234 1856 287 1897 de
318 1871 366 1898 ea
395 1870 442 1897 re
474 1854 765 1912 disputatione
794 1870 839 1911 p.
863 1854 990 1907 1441,
1014 1854 1064 1895 11
1093 1869 1217 1913 seqq.
1250 1870 1302 1897 ex
1331 1854 1540 1914 Epichar-

84 1939 154 1966 mo
193 1924 428 1965 afferuntur
472 1921 780 1976 ἆλλοιέστερος,
830 1921 1122 1976 ἐπιηρεστέρα,
1179 1921 1537 1976 ἆναγκαιέστατος,

87 1991 392 2046 ώραιέστατος,
426 2005 479 2032 ex
509 1990 660 2032 eodem
691 1988 959 2043 εὐωνέστερος
988 1989 1040 2030 ab
1057 1988 1282 2031 Athenaeo
1302 1989 1360 2042 X,
1377 1991 1477 2033 424.
1497 1990 1539 2031 D

90 2066 133 2100 et
151 2057 352 2100 Eustath.
383 2056 484 2110 746,
515 2056 571 2099 46
600 2064 643 2099 et
674 2057 983 2110 ὃιακονέστερος
1011 2056 1174 2114 legitur
1201 2057 1248 2098 in
1276 2073 1404 2100 versu
1421 2088 1432 2110 ,
1465 2057 1542 2115 qui

91 2125 232 2168 eidem
263 2139 362 2165 cum
390 2139 546 2182 magna
574 2125 668 2167 veri
700 2124 844 2183 specie
872 2124 1081 2166 tribuitur
1111 2125 1164 2166 fr.
1200 2124 1298 2167 159.
1356 2123 1542 2166 Dinolo-

0 1731 30 1773 lei.

0 1815 30 1839 ιω]

90 2195 197 2236 chus
230 2191 410 2234 Siculus
449 2207 503 2233 ex
530 2192 751 2234 Eustathii
788 2192 1036 2235 testimonio
1073 2192 1378 2246 γενναιὲστατος
1417 2191 1542 2244 dixit,

13 2291 37 2309 m
92 2260 368 2303 Stesichorus
413 2259 800 2314 ὑπερθυμέστατος,
850 2261 1037 2303 Alcman
1075 2260 1352 2313 ἧόυμέστατος
1391 2274 1544 2300 seeun-

0 2332 37 2369 ἰη
93 2327 194 2370 dum
222 2327 294 2369 Et.
327 2325 390 2368 Μ.
423 2326 531 2376 420,
566 2326 644 2381 503
690 2327 804 2386 apud
848 2327 1087 2372 Pindarum
1130 2334 1230 2368 sunt
1274 2325 1545 2378 ἇπονέστερος

35 2419 37 2421 ·
94 2400 139 2438 et
166 2393 479 2448 ἇφθονέστερος
509 2393 582 2436 Ol.
614 2395 683 2448 ΙΙ,
713 2395 783 2438 60.
812 2395 918 2446 104,
953 2394 1232 2442 αἰδοιέστατος
1268 2392 1341 2435 Ol.
1374 2393 1458 2448 Ill,
1490 2394 1547 2436 44

23 2477 36 2485 ··
96 2461 370 2514 (αἰδοιότατος
400 2462 452 2503 Ρ.
486 2461 547 2515 V,
579 2460 676 2516 18),
709 2461 1000 2517 ἀρχαιέστερος
1029 2463 1084 2503 fr.
1112 2461 1194 2516 203
1226 2461 1548 2514 ἑκαβολέστατος

20 2655 33 2659 ..
144 2627 181 2669 3)
228 2625 393 2671 Hesych.
418 2625 529 2660 Phot.
549 2623 654 2659 Suid.
680 2632 707 2657 s·
729 2632 762 2655 v.
785 2621 905 2662 ψύλλα
928 2621 1192 2666 Epicharmnm
1217 2622 1420 2656 masculino
1445 2634 1550 2658 usum

4 2686 39 2713 ...ζ
99 2692 179 2717 esse
204 2683 364 2718 tradunt.
414 2683 554 2719 Scholl.
576 2681 692 2716 Arist.
720 2679 820 2714 Plut.
841 2681 907 2715 537
934 2677 966 2714 οἳ
990 2680 1025 2712 δὲ
1050 2680 1191 2726 Δωριεῖς
1215 2678 1396 2726 ἀρσενικῶς
1420 2681 1552 2725 λέγουσι

99 2737 160 2773 τὸν
181 2739 323 2779 ψύλλον.

1210 2811 1290 2854 ⁶³5*

1210 2841 1237 2854 Ν
