1779 3079
237 161 338 212 536
641 161 871 210 Addenda
904 171 950 209 et
984 161 1297 228 Corrigenda.

240 294 440 352 detegere
483 293 601 337 visus
648 300 713 337 est
758 294 871 352 apud
912 293 1241 351 Theognostum
1285 294 1401 337 Oxx.
1434 294 1494 336 11.
1542 311 1586 354 p.
1622 294 1690 350 10,

237 362 293 405 26
332 364 513 418 παίραος·
552 361 668 415 παρὰ
707 361 869 410 ’Halone
910 363 931 403 ὁ
971 363 1068 411 παῖς
1094 395 1106 412 ,-
1168 362 1331 422 corrigi
1376 361 1543 419 Jubens
1589 363 1691 418 παῖρ
1758 392 1761 396 -

236 429 353 485 παρὰ
384 430 583 479 Ἠλείοις.
673 430 735 472 At
769 445 902 489 quum
943 430 989 472 in
1022 429 1218 488 ejusdem
1256 430 1435 488 regulae
1473 429 1694 490 principio

237 505 619 540 commemoratum
650 498 706 540 sit
735 500 834 547 παῖς
864 501 934 539 καὶ
964 500 1035 540 εἴη
1065 497 1172 551 παρ’
1207 497 1334 549 αὐτό,
1380 498 1454 541 vix
1483 498 1695 542 credibile

236 572 303 607 est
343 573 492 623 postea
532 566 665 625 idque
704 566 859 609 alienis
903 566 1147 623 interjectis
1188 567 1240 609 de
1282 566 1436 610 Eliaco
1475 567 1576 623 παῒρ
1617 580 1695 624 per

235 632 555 692 diphthongum
586 635 847 694 proferendo
878 635 1086 694 praecipi.

348 702 475 761 Pag.
506 703 606 746 229.
666 703 830 745 Dorico
861 720 978 746 more
1009 719 1061 745 ex
1094 720 1143 745 αο
1173 703 1334 746 factum
1364 711 1430 745 est
1462 721 1488 744 α
1518 703 1564 744 in
1593 701 1694 746 Elei

234 769 411 812 nomine
440 773 736 825 Λαστρατίὸας
775 772 909 813 Paus.
942 771 1033 824 Vl,
1066 772 1120 824 6,
1154 771 1195 812 3.

348 838 469 895 Pag.
502 840 586 882 232
624 839 656 882 l.
689 841 731 882 2.
767 840 835 880 12.
897 838 1075 880 Titulus
1114 837 1193 880 ille
1233 853 1321 881 non
1351 838 1596 881 Arcadieus
1626 846 1693 882 est

234 905 311 947 sed
353 906 626 961 Laconicus,
684 906 774 948 vid.
814 906 868 947 L.
902 906 961 947 II.
1010 905 1052 959 ξ.
1085 906 1141 960 2,
1175 906 1231 960 1,
1287 922 1420 964 quare
1449 922 1601 949 vereor
1638 923 1694 950 ne

232 973 348 1031 apud
379 973 651 1016 Teleclidem
683 975 896 1017 comicum
925 975 1054 1016 homo
1081 972 1319 1031 Spartanus
1340 973 1544 1029 Εὐτρήὶὸι
1575 973 1693 1016 dixe-

230 1040 289 1082 rit
328 1057 469 1099 neque
499 1041 749 1084 Arcadibus
786 1042 927 1099 sigma
957 1041 1165 1098 ejiciendi
1205 1058 1300 1085 mos
1330 1042 1573 1085 communis
1601 1043 1694 1085 fue-

232 1108 302 1150 rit.

345 1176 469 1233 Pag.
501 1178 584 1220 233
625 1179 656 1220 l.
689 1179 746 1221 20
792 1179 879 1238 leg.
928 1179 1125 1233 Θρασέαν
1169 1195 1247 1238 pro
1280 1179 1394 1221 ’'Eau
1438 1178 1528 1221 vid.
1573 1177 1690 1222 Keil.

229 1245 378 1287 Anall.
418 1261 463 1303 p.
496 1246 563 1288 70.

342 1339 396 1344 —
442 1314 474 1355 l.
507 1313 577 1355 26.
641 1313 804 1357 Dorica
843 1331 892 1358 ea
934 1316 1171 1359 contractio
1213 1322 1433 1373 praeterea
1476 1322 1693 1374 spectatur

230 1380 275 1421 in
314 1379 382 1422 his
423 1381 675 1423 nominibus
721 1384 912 1442 propriis
948 1384 1207 1426 Areadieis:
1267 1382 1512 1433 Λαδόκεια,
1567 1383 1692 1442 regio

228 1447 444 1490 Arcadica
474 1449 810 1505 Pausau.V111‚
832 1453 906 1504 44,
940 1469 1049 1511 quae
1081 1451 1196 1510 apud
1226 1452 1336 1494 alios
1357 1453 1570 1495 Λαοδίκια
1599 1451 1690 1494 vid.

228 1515 380 1574 Poppo
408 1517 584 1574 Proleg.
611 1519 814 1577 Thucyd.
848 1520 894 1570 1,
927 1521 954 1562 2
985 1537 1026 1578 p.
1049 1521 1158 1575 185,
1189 1519 1389 1569 Λάὸοκος
1414 1519 1689 1575 Paus.V111‚

228 1584 312 1637 44,
371 1585 583 1637 Λαφάνης
613 1587 779 1630 Herod.
812 1587 903 1642 VI,
940 1589 1051 1643 127,
1096 1591 1320 1631 Αασθενιά
1349 1589 1419 1632 vel
1447 1588 1692 1630 Λασθένεια

229 1651 317 1693 vid.
351 1653 479 1711 Papii
510 1655 620 1697 Lex.

342 1721 520 1764 Titulus
549 1722 948 1781 Megalopolitanus
988 1723 1039 1765 C.
1074 1724 1110 1765 l.
1156 1740 1223 1766 nr.
1260 1724 1370 1767 1536
1409 1732 1451 1767 et
1488 1724 1620 1767 Ross.
1653 1724 1689 1769 I.

229 1803 295 1829 nr.
331 1790 414 1842 12,
466 1789 709 1832 unser-rime
740 1792 883 1841 lacer,
929 1808 1058 1850 quem
1089 1809 1224 1851 quum
1255 1792 1301 1834 in
1333 1793 1691 1851 Philopoemenis

230 1857 431 1912 sepulcro
464 1858 657 1915 positum
686 1859 824 1902 fuisse
856 1860 1027 1903 Keilius
1058 1860 1208 1902 Auall.
1241 1860 1396 1918 Epigr.
1434 1878 1479 1919 p.
1506 1862 1533 1905 9
1564 1877 1687 1919 seqq.

229 1924 513 1980 sagacissime
546 1926 814 1981 detexisset,
855 1929 1106 1971 doctissima
1137 1929 1428 1986 disputatione
1458 1936 1500 1971 et
1529 1928 1689 1970 acumi-

228 1991 299 2032 nis
330 1991 458 2048 plena
489 1993 750 2047 illustravit,
781 1997 995 2038 Arcadica
1025 1997 1235 2049 dialecto,
1281 2011 1367 2036 non
1398 1996 1568 2053 vulgari
1598 1996 1687 2038 Do-

228 2057 321 2100 ride
353 2074 459 2100 usus
491 2077 584 2102 esse
615 2063 808 2111 videtur,
852 2063 890 2104 si
920 2064 1027 2106 lidos
1059 2063 1208 2104 haberi
1239 2071 1382 2121 potest
1411 2064 1506 2105 voci
1537 2080 1688 2117 στεφα-

227 2124 341 2166 νώτω
380 2126 412 2168 l.
446 2128 530 2182 44,
586 2146 694 2188 quae
726 2130 771 2171 in
803 2130 973 2188 vulgari
1004 2130 1170 2172 Doride
1204 2130 1465 2184 στεᾳιανούτω
1498 2140 1683 2174 sonaret.

229 2193 457 2237 Praeterea
488 2205 684 2241 notamus
716 2199 860 2247 ἅστιος
891 2214 968 2256 pro
994 2198 1156 2249 ἄστεος,
1188 2198 1279 2241 nisi
1300 2200 1545 2258 corruptela
1565 2201 1683 2244 latet.

675 2403 772 2450 Ad
820 2403 1232 2468 Appendicem.

339 2540 390 2580 ln
428 2539 581 2582 Museo
623 2541 833 2585 Rhenano
872 2544 994 2586 Novo
1027 2545 1126 2586 vol.
1161 2546 1196 2586 l.
1241 2563 1282 2603 p.
1318 2547 1399 2588 382
1445 2561 1566 2603 seqq.
1614 2561 1683 2586 ex·

229 2606 479 2663 posuimus,
527 2625 635 2666 quae
677 2610 720 2651 in
761 2621 904 2653 nostra
945 2613 1254 2655 Lesbiacarum
1297 2614 1578 2671 reliquiarum
1619 2629 1682 2655 re-

227 2674 431 2717 censione
475 2685 620 2731 postea
654 2681 849 2721 novanda
881 2681 1193 2722 censum-imus.
1286 2681 1351 2723 Eo
1384 2682 1519 2740 igitur
1549 2689 1681 2723 muta-

227 2741 389 2783 tionum
422 2759 571 2786 causas
603 2756 879 2803 quaerentem
912 2748 1174 2804 ableganms.
