1818 3108
214 967 405 1014 Index
433 969 719 1023 siglorlun
749 972 807 1015 et
834 968 1361 1013 abbreviatiomun.

78 1261 119 1294 Α.
156 1260 215 1294 vel
253 1259 347 1294 Alc.
398 1260 550 1295 Alcaeus
574 1271 594 1295 e
621 1267 761 1305 nostra,
793 1271 898 1305 quam
930 1260 966 1295 in
992 1260 1209 1305 Appendice
1233 1260 1418 1302 dedimus,
1458 1271 1512 1293 rs*-

164 1324 345 1366 censione.

79 1387 186 1420 Ann.
221 1386 297 1419 Ox.
346 1384 535 1419 Anecdota
559 1384 700 1419 Graeca
730 1397 751 1419 e
782 1384 889 1419 codd.
925 1385 1178 1429 manuscriptis
1211 1385 1512 1420 bibliothecarum

167 1448 431 1482 Oxoniensium
456 1449 639 1493 descripta
663 1460 683 1482 a
710 1450 893 1483 Cramero.

78 1514 183 1557 App.
210 1513 276 1547 Et.
302 1513 347 1546 G.
396 1513 598 1557 Appendix
621 1513 870 1557 Etymologici
897 1513 1070 1547 Gudiani.

78 1578 202 1612 Auct.
239 1590 277 1611 π.
313 1574 378 1620 ὁμ.
412 1574 444 1609 δ.
494 1580 633 1610 Auctor
663 1581 743 1618 περὶ
774 1574 969 1621 Ὁμηρικῆς
1003 1575 1184 1612 διαλέκτου
1214 1579 1310 1622 apud
1352 1578 1511 1614 Maiuai-

169 1642 264 1674 rium
288 1640 335 1674 de
359 1640 525 1673 dialectis
550 1640 605 1672 ed.
632 1639 751 1673 Sturz.

81 1707 193 1749 Aug.
244 1704 506 1739 Grammaticus
539 1706 768 1747 Augustanus
799 1711 880 1749 post
907 1704 1094 1739 Schaeferi
1128 1705 1349 1749 Gregorium
1387 1705 1515 1741 Corin·

169 1767 294 1802 thium.

80 1829 226 1864 Bekk.
275 1828 461 1863 Anecdota
486 1827 626 1861 Graeca
650 1827 831 1863 Bekkeri.

80 1894 240 1929 Choes.
289 1893 564 1926 Choeroboscus
599 1898 656 1934 et,
692 1892 755 1925 ubi
789 1892 880 1925 nihil
906 1892 1071 1936 additur,
1104 1895 1180 1937 ejus
1204 1894 1300 1928 liber
1323 1895 1369 1930 de
1392 1897 1515 1931 ortho-

171 1955 326 1999 graphia
351 1955 387 1987 in
413 1954 685 1989 Anecdotorum
710 1956 974 1989 Oxoniensium
1000 1957 1184 1991 volumine
1208 1959 1380 1994 secundo.

82 2019 140 2054 Co
152 2030 182 2053 r.
229 2019 411 2053 Corinnae
438 2018 638 2062 fragmenta
662 2018 699 2052 in
724 2019 953 2063 Appendice.

81 2083 122 2118 C.
149 2083 180 2116 Ι.
227 2082 369 2126 Corpus
393 2081 675 2126 Inscriptionum
702 2082 921 2116 Graecarum
946 2082 1005 2117 ed.
1030 2082 1196 2118 Boeckh.

82 2147 196 2182 Cum.
245 2146 407 2180 Marmor
429 2146 634 2179 eumaeum.
673 2145 747 2179 vid.
774 2147 803 2188 §.
827 2147 860 2180 2.

83 2211 188 2245 Cod.
223 2210 342 2301 Pan}
381 2209 567 2254 Excerpta
600 2220 621 2242 e
652 2209 780 2244 codice
809 2209 1012 2245 Parisiensi
1045 2218 1127 2256 post
1155 2209 1344 2246 Schaeferi
1376 2212 1518 2256 Grego-

84 2268 195 2302 Exc.
224 2267 322 2301 Par.
382 2266 475 2300 rium
500 2266 740 2300 Corinthium.
1258 2267 1263 2273 ¹

83 2332 151 2366 Et.
180 2331 226 2365 G.
274 2331 570 2376 Etymologicum
596 2330 814 2364 Gudianurn.

85 2416 127 2422 —
174 2396 228 2430 M.
411 2414 454 2422 —
590 2395 778 2438 Magnum.

85 2479 128 2486 -
175 2460 241 2493 Or.
414 2477 456 2484 —
595 2456 756 2490 Orionis.

85 2523 204 2557 Eust.
252 2521 434 2556 Eustathii
458 2520 715 2555 Commentarii
744 2519 942 2553 Homerici.

86 2587 164 2620 Ex.
190 2586 257 2622 Cr.
305 2584 594 2619 Exercitationes
619 2583 788 2618 Criticae.

88 2649 227 2684 Giese
251 2649 342 2682 iiber
367 2647 436 2680 den
465 2647 681 2681 Aeolischen
706 2646 863 2680 Dialect.

88 2712 163 2747 Gr.
212 2710 485 2746 Grammaticus.

89 2774 222 2819 Greg.
250 2774 289 2808 C.
339 2772 541 2817 Gregorius
566 2772 776 2808 Corinthius
801 2782 849 2806 ex
873 2771 1037 2807 editione
1061 2771 1261 2810 Schaeseri.
