1779 3079
378 209 421 266 §.
452 208 531 257 39.
603 209 676 255 De
711 208 1055 272 conjugatione
1081 207 1130 254 in
1161 228 1221 266 μι.
1417 206 1516 256 315

76 342 397 401 Imperativi
435 342 769 385 aoristorum
806 341 1006 398 vulgares
1048 341 1371 384 terminationes
1401 341 1516 384 exhi-

74 409 202 452 bentz
234 414 366 465 γνῶθι
394 410 550 469 Epich.
579 410 687 463 129,
722 410 848 450 στᾶθι
867 410 1053 452 Theocr.
1079 410 1163 468 Ep.
1189 411 1269 464 19,
1299 409 1516 451 Laconica

75 476 261 532 κάββασι
289 486 332 520 et
363 478 505 519 ἅπασι
533 478 563 519 i.
589 494 626 520 e.
660 476 871 530 κατάβαθι
901 485 943 518 et
973 476 1203 528 ἇνάσταθι,
1236 477 1325 520 vid.
1347 477 1389 530 ξ.
1407 477 1451 531 7,
1471 478 1516 530 2,

77 545 148 594 δός
179 546 334 602 Epich.
366 547 474 598 118,
519 543 674 592 ἀποδός
704 544 861 602 Sophr.
892 546 973 600 493
1018 561 1096 603 pro
1135 546 1298 587 ποτίθει
1327 545 1515 587 Theocr.

75 613 200 668 XIV,
222 614 275 655 45
306 629 328 655 e
352 619 534 671 quatuor
560 612 686 654 libris
713 612 936 670 pejoribus
966 614 1134 661 ποτίθες
1163 613 1400 670 repositum
1429 620 1516 666 est-3.

73 696 155 723 nos
186 681 396 738 suspicari
425 681 639 722 malumus
669 682 825 722 ποτιδεῒ
861 679 958 730 δύο,
1010 687 1057 721 ut
1097 678 1167 721 δύο
1208 695 1286 737 pro
1327 680 1518 736 genitivo

76 749 159 802 sit,
203 749 304 790 duo
344 748 560 791 desunt.
605 773 658 779 —-
716 748 785 789 De
828 748 951 789 tertia
989 763 1172 805 persona
1200 747 1361 804 plurali
1392 762 1519 804 supra

73 815 262 857 diximus
292 815 332 869 ξ.
365 816 449 870 35,
480 817 508 859 4
547 816 742 875 exempla
774 814 927 864 δόντω,
975 816 1159 869 θέντων,
1199 814 1390 856 διδόντων
1420 816 1519 856 affc-

71 892 229 926 rentes.

186 951 229 1001 5)
287 951 638 994 Infinitivus
683 952 816 1010 vulgo
862 951 908 993 in
945 967 1017 1004 μεν
1054 951 1142 993 exit
1161 950 1226 1007 ⁵),
1274 959 1322 993 ut
1362 949 1522 1001 διδόμεν

72 1018 220 1061 Aetol.
251 1020 376 1062 2351.
438 1020 555 1061 Cret.
588 1020 712 1062 3048.
746 1019 873 1062 3049.
906 1019 1041 1073 3058,
1087 1018 1191 1072 εἶμεν
1221 1027 1263 1061 ct
1290 1016 1391 1070 ἦμεν
1429 1017 1518 1058 vid.

73 1089 115 1140 ξ.
146 1088 228 1141 40,
278 1087 397 1140 δόμεν
426 1095 468 1128 et
492 1088 617 1140 θέμεν
656 1103 751 1128 cum
782 1087 1035 1144 compositis
1068 1086 1294 1141 ἀποδόμεν,
1342 1085 1519 1139 ε’γὸόμεν,

73 1154 273 1207 ἀναθέμεν
302 1155 346 1196 in
377 1155 540 1196 Lacon.
577 1155 711 1208 1334,
743 1155 969 1196 Hermion.
1006 1155 1146 1208 1193,
1179 1155 1359 1211 Coi-cyr.
1394 1154 1518 1196 1841.

73 1222 198 1264 1843.
223 1222 346 1264 1844.
366 1222 473 1264 1845
489 1252 501 1274 ,
532 1221 790 1264 Messembr.
810 1223 938 1276 2053,
955 1222 982 1263 b
997 1254 1009 1275 ,
1040 1223 1173 1265 Ther.
1191 1223 1328 1276 2448,
1359 1222 1518 1279 Astyp.

70 1289 209 1343 2483,
241 1288 439 1347 Calymn.
471 1289 607 1340 2671,
643 1289 792 1343 ἇφέμεν
822 1290 929 1346 Byz.
954 1290 1089 1344 2060,
1118 1293 1352 1345 προστᾶμεν
1382 1290 1519 1331 Phoc.

71 1357 125 1400 73
156 1356 239 1411 R.,
283 1356 567 1410 ἁποκριθῆμεν
594 1357 745 1400 Herm.
783 1358 919 1411 1193,
960 1361 1308 1412 καταχρησθῆμεν
1339 1357 1518 1413 Corcyr.

73 1425 198 1479 1845,
222 1425 317 1467 107.
343 1425 441 1479 127,
473 1427 789 1480 ἔγδανεισθῆμεν
811 1426 921 1467 ibid.
946 1427 1016 1479 80,
1051 1428 1231 1478 δοθῆμεν
1254 1425 1371 1467 Cret.
1391 1424 1520 1478 3052,

73 1492 368 1547 ἇπογραφῆμεν
397 1501 439 1534 et
468 1496 640 1547 τεθῆμεν
671 1495 781 1551 Byz.
814 1494 940 1537 2060.
1002 1494 1107 1536 Item
1132 1495 1289 1552 Epieh.
1307 1494 1362 1537 23
1393 1494 1521 1545 ἐμπα-

69 1564 215 1614 γῆμεν,
246 1560 434 1618 Lysistr.
468 1562 576 1604 1163
609 1561 838 1615 ἀποδόμεν,
872 1562 1076 1619 Thucyd.
1109 1562 1168 1616 V,
1199 1562 1269 1604 77.
1297 1562 1352 1604 79
1384 1560 1517 1613 δόμεν,

72 1627 357 1682 ἀποκριθῆμεν
387 1636 467 1670 etc.

181 1696 314 1753 Apud
344 1696 540 1737 Rhodios
583 1712 818 1754 eorumque
858 1698 1036 1739 colonos
1068 1699 1280 1740 Gelenses
1318 1703 1360 1737 et
1388 1696 1519 1754 Agri·

73 1763 273 1820 gentinos
292 1763 526 1821 peculiaris
544 1764 789 1806 terminatio
812 1780 899 1816 μειν
921 1765 1156 1822 reperitur:
1188 1765 1330 1806 Rhod.
1349 1765 1518 1817 2525,b

70 1831 303 1883 ποτιθεμειν
333 1838 375 1872 et
404 1832 549 1883 εἴμειν,
599 1832 710 1874 2905
740 1833 886 1884 εἴμειν,
934 1833 1031 1874 Gel.
1068 1829 1313 1885 ἀναθέμειν,
1358 1833 1515 1889 Agrig-

72 1899 214 1950 εἴμειν,
265 1897 508 1951 ἀναθεμειν,
555 1897 790 1951 ἀποδόμειν.
862 1900 1072 1956 Ejusdem
1101 1901 1417 1942 terminationis
1446 1917 1517 1942 ve·

71 1965 198 2022 stig-ia
234 1973 335 2007 sunt
366 1965 479 2023 apud
498 1966 820 2023 Epicharmum.
880 1968 989 2010 Nam
1021 1970 1074 2010 fr.
1099 1970 1151 2011 71
1171 1968 1387 2010 Athenaei
1414 1968 1517 2010 libri

70 2032 278 2089 praebent
317 2033 600 2087 προδιδόμην,
647 2034 761 2093 quod
794 2035 1234 2093 Schweighaeuserus
1271 2045 1407 2078 metro
1444 2052 1515 2093 pa-

71 2099 204 2140 tiente
234 2099 280 2140 in
312 2101 555 2155 προδιδόμεν
584 2103 792 2158 mutavit,
825 2104 982 2146 deinde
1012 2106 1066 2146 fr.
1098 2105 1155 2147 94
1182 2120 1224 2145 v.
1258 2106 1284 2147 8
1313 2104 1359 2145 in
1390 2104 1515 2162 quin-

72 2182 157 2224 que
187 2167 439 2224 Epicharmi
470 2169 597 2211 libris
627 2187 705 2228 pro
734 2172 934 2223 ποτθέμεν
972 2180 1039 2213 est
1077 2174 1173 2213 ποτέ
1201 2174 1344 2226 θέμιν,
1388 2187 1428 2212 v.
1463 2171 1516 2212 10

72 2233 116 2274 in
147 2235 371 2275 nonnullis
401 2236 495 2277 ποτ’
527 2239 694 2294 έθεμιν,
739 2254 848 2295 quae
880 2255 1011 2296 quum
1041 2240 1171 2282 facile
1200 2256 1223 2281 e
1251 2238 1515 2292 προδιδόμειν

72 2309 113 2342 et
141 2302 359 2353 ποτθέμειν
387 2313 586 2361 corrupta
617 2321 714 2347 esse
744 2306 1003 2364 suspiceris,
1035 2324 1124 2349 rem
1153 2308 1367 2349 conficere
1397 2305 1514 2347 vide-

72 2376 143 2409 tur
182 2369 235 2409 fr.
268 2369 346 2417 48,
393 2370 467 2411 uhi
507 2372 714 2414 librorum
756 2374 984 2416 lectionem
1017 2375 1215 2427 κατθέμεν
1246 2373 1351 2426 αὐτῷ
1379 2381 1514 2415 metro

71 2443 301 2493 respuente
332 2437 583 2493 particulam
613 2439 654 2493 γ’
684 2457 833 2498 parum
858 2450 997 2500 aptam
1027 2443 1310 2483 intruserunt.
1369 2441 1513 2498 Appa-

72 2512 137 2545 ret
167 2504 306 2556 enim,
349 2512 506 2560 quanta
537 2522 632 2548 cum
664 2508 753 2548 veri
783 2510 926 2566 specie
957 2511 1173 2561 κατθέμειν
1203 2508 1383 2549 rescribi
1414 2524 1511 2565 pos-

74 2571 145 2612 sit.
192 2571 317 2612 Licet
345 2579 482 2612 autem
513 2589 609 2614 eum
635 2574 882 2632 Epicharmi
914 2593 1039 2619 usum
1061 2577 1113 2618 ad
1136 2576 1389 2618 Gelensium
1411 2592 1510 2618 con-

117 2728 153 2768 5)
200 2727 256 2760 Et.
284 2727 332 2759 M.
358 2728 442 2768 224,
470 2729 513 2761 53
539 2728 584 2761 de
608 2731 764 2769 τιθέμεν,
801 2731 861 2764 Et.
891 2731 935 2764 G.
963 2732 1048 2771 353,
1079 2734 1118 2765 17
1145 2731 1190 2764 de
1215 2734 1379 2772 μεθέμεν,
1417 2735 1508 2767 Anu.

74 2783 171 2816 Oxx.
199 2784 234 2823 I,
265 2786 342 2824 117,
367 2786 388 2818 S
414 2785 459 2818 de
486 2784 595 2825 δόμεν.
