1779 3079
241 211 339 259 242
745 213 819 259 De
849 212 1179 261 declinatione.

242 346 335 387 sine
365 345 451 387 iota
482 345 549 396 ΙΙ,
588 345 638 387 12
668 354 710 388 ct
737 346 874 400 ἥρωσι
904 347 986 400 IV,
1016 348 1054 389 7.
1115 346 1362 389 Boeckhius
1391 347 1477 389 iota
1509 346 1693 402 delevit5

242 430 322 456 nos
351 413 594 471 paullulum
628 413 872 456 dubitamus
893 447 905 468 ,
938 432 990 456 an
1023 431 1045 457 e
1078 431 1241 456 summa
1272 414 1526 472 antiquitate
1555 422 1695 457 reten-

242 490 330 523 tum
371 481 441 522 sit.
506 480 650 534 Quum
691 483 805 524 enim
847 483 1149 540 antiquissima
1179 483 1327 538 lingua
1357 482 1500 524 hiatus
1529 483 1575 524 in
1606 499 1693 525 me·

241 549 327 590 diis
359 548 579 591 vocabulis
613 550 840 608 impatiens
885 560 1028 603 esset,
1076 567 1203 609 saepe
1247 551 1360 591 inter
1397 551 1568 592 vocales
1608 550 1695 592 iota

241 632 484 659 consonans
524 616 766 673 interiecit,
829 635 914 675 quo
961 620 1004 660 in
1046 621 1237 661 vocalem
1276 625 1436 660 mutato
1467 625 1565 659 nata
1596 623 1695 658 sunt

241 691 383 726 ἵπποιο
415 701 493 743 pro
522 684 700 744 antiquo
731 685 880 735 ἱππόο,
914 688 1020 739 gneio
1052 704 1129 745 pro
1161 688 1277 739 ἐμέο,
1314 687 1429 726 στείω
1460 702 1538 744 pro
1567 684 1692 734 στήω,

240 752 435 801 τεθνειώς·
464 769 543 811 pro
573 753 758 802 τεθινηώς
787 761 868 795 etc.
891 785 903 807 ,
949 755 1048 797 vide
1079 772 1188 814 quae
1220 754 1537 812 disputavimus
1567 753 1613 794 in
1643 752 1694 794 li-

241 822 357 864 bello
389 821 440 862 de
471 820 779 877 conjugatione
809 821 853 862 in
884 840 928 874 μι»
966 839 1007 880 p.
1043 823 1110 865 19.
1171 823 1328 864 Nonne
1358 822 1581 880 probabile
1611 827 1693 872 cst,

239 890 350 931 illud
382 889 465 931 iota
495 889 540 929 in
574 888 717 943 ἡρῴων
746 889 799 929 ad
829 889 1006 930 eandem
1033 890 1245 946 originem
1269 890 1542 932 referendum
1567 888 1695 930 esse?

241 958 332 999 Nec
376 956 640 1014 Syracusani
685 956 769 997 alia
808 957 860 998 de
900 972 1027 998 causa
1070 976 1091 997 v
1134 957 1437 1000 interseruisse
1476 957 1691 999 videntur.

243 1025 446 1067 Ceterum
477 1023 674 1081 vulg-aris
705 1025 840 1066 forma
873 1025 1013 1078 ἥρωος
1043 1033 1110 1067 est
1140 1025 1184 1066 in
1217 1024 1377 1082 Amph.
1413 1025 1533 1068 1688.

352 1094 514 1140 κλείς.
575 1091 881 1134 Nominativus
924 1092 1023 1142 κλάξ
1063 1093 1223 1151 legitur
1261 1093 1375 1150 apud
1413 1092 1695 1135 Theocritum

238 1160 340 1213 XV,
366 1160 419 1202 32
448 1159 594 1212 (codd.
621 1160 749 1202 Α.Ι·ἰ.
778 1160 920 1214 κλάγξ)
950 1169 991 1203 ct
1008 1160 1198 1203 Doricus
1220 1160 1380 1202 dieitur
1407 1177 1431 1201 a
1463 1160 1695 1202 scholiasta

237 1228 291 1269 ad
320 1229 435 1269 hunc
467 1228 611 1269 locum
643 1237 685 1269 ct
715 1228 768 1270 ad
797 1229 887 1282 Vl,
921 1230 1002 1284 32,
1047 1229 1154 1271 mira
1194 1230 1330 1271 forma
1362 1236 1403 1270 et
1434 1226 1695 1269 dubitationi

238 1295 362 1338 valde
394 1295 596 1338 obnoxia.
672 1295 721 1338 Si
752 1297 919 1354 integra
950 1305 1041 1351 est,
1089 1297 1305 1356 quomodo
1337 1304 1425 1338 orta
1457 1293 1694 1338 existimari

238 1364 403 1422 possit,
438 1380 567 1422 supra
597 1364 785 1406 diximus
815 1365 855 1418 ξ.
892 1366 968 1418 19,
999 1365 1040 1407 6.
1104 1365 1296 1425 Certiusn
1305 1364 1466 1406 Dorica
1496 1360 1693 1404 habenda

239 1439 341 1474 sunt
369 1433 484 1480 κλαΐς
514 1441 555 1474 et
584 1435 699 1481 κλαίς
739 1435 809 1475 vel
847 1432 947 1485 mig
988 1441 1029 1475 et
1067 1433 1169 1475 inde
1200 1434 1369 1480 >saumae
1398 1432 1527 1473 Pind.
1560 1431 1689 1487 Pyth.

237 1499 372 1549 VIII,
405 1500 463 1553 4,
494 1502 665 1551 κλαΐὸα,
699 1503 852 1553 κλᾷδας
868 1535 880 1551 ,
912 1501 1000 1542 vid.
1034 1502 1074 1555 ξ.
1112 1502 1190 1554 19,
1222 1500 1263 1542 6.

349 1567 458 1620 μήν.
523 1534 801 1610 Graminatiei
831 1577 1056 1619 testantur,
1089 1568 1328 1611 Dorienses
1359 1568 1438 1620 μής
1469 1567 1612 1609 dicere
1633 1565 1691 1622 3),

238 1634 369 1693 idque
400 1635 562 1694 legitur
591 1636 765 1678 Heracl.
799 1636 850 1678 Β.
882 1638 921 1679 1.
985 1636 1071 1679 Sed
1102 1637 1358 1679 crediderim
1391 1652 1482 1678 eam
1514 1637 1694 1677 formam

239 1703 446 1745 severiori
475 1702 632 1746 Doridi
663 1706 880 1763 propriam
921 1720 1018 1747 csse
1048 1721 1126 1763 pro
1158 1704 1308 1747 lonico
1339 1712 1382 1746 et
1412 1704 1559 1745 Attico
1589 1703 1693 1755 μείς,

238 1787 324 1828 quo
355 1771 568 1813 mitiorem
599 1788 772 1829 quoque
794 1772 1007 1814 Doridem
1037 1789 1160 1814 usam
1190 1772 1460 1814 arbitramur.
1513 1769 1694 1827 Reliqui

237 1854 363 1880 casus
393 1839 524 1891 μηνός
552 1848 632 1881 cte.
667 1856 754 1882 non
789 1841 1034 1898 discrepant
1063 1857 1159 1882 cum
1191 1841 1360 1896 vulgari
1392 1841 1570 1881 ratione.

352 1910 478 1954 ναῦς
528 1908 643 1965 apud
688 1908 926 1950 Pindarum
975 1916 1016 1950 ct
1059 1908 1341 1950 Theocritum
1386 1909 1462 1948 hac
1507 1906 1693 1948 flexione

238 1972 395 2014 utitur:
432 1977 547 2023 ναῦς,
580 1976 702 2025 ναός,
737 1979 823 2026 ναΐ,
858 1979 956 2016 ναῦν
986 1977 1084 2026 (νᾶα
1114 1976 1226 2033 apud
1257 1973 1577 2015 Callicratidam
1608 1973 1692 2030 Py-

239 2042 487 2098 thagoreum
528 2040 649 2083 Stob.
685 2042 802 2083 Flor.
837 2043 1074 2096 LXXXV,
1110 2044 1161 2085 16
1203 2059 1225 2084 e
1265 2042 1390 2084 codd.
1427 2043 1485 2082 A.
1520 2041 1571 2083 B.
1614 2057 1692 2098 pro

236 2111 335 2149 ναῦν
365 2109 680 2150 restituendum
712 2109 927 2163 videtur),
968 2114 1086 2164 νᾶες,
1120 2114 1251 2165 ναῶν,
1287 2112 1406 2150 ναυσί
1436 2108 1534 2164 (hoc
1565 2109 1693 2151 etiam

237 2175 280 2216 in
314 2176 455 2218 Rhod.
489 2177 618 2227 2525)
651 2177 720 2217 vel
751 2177 919 2227 νάεσσι,
955 2181 1080 2227 νᾶας,
1117 2194 1257 2237 neque
1290 2178 1552 2231 dubitamus,
1584 2177 1693 2236 quin

237 2259 285 2284 ca
317 2243 621 2286 declinationis
659 2244 767 2286 ratio
808 2253 849 2286 et
889 2261 988 2287 vere
1020 2246 1178 2288 Dorica
1220 2254 1261 2288 et
1291 2246 1592 2303 antiquissima
1623 2244 1689 2287 sit.

283 2447 320 2487 3)
369 2446 426 2478 Et.
455 2444 499 2479 G.
528 2446 606 2488 381,
633 2447 676 2480 45
703 2448 764 2486 (cs.
798 2447 984 2491 Excerpta
1011 2458 1057 2480 cx
1085 2448 1205 2492 lfitym.
1236 2447 1318 2490 Πομ
1360 2447 1444 2480 Par.
1472 2454 1555 2491 post
1578 2445 1690 2480 Orio-

239 2513 318 2536 nem
360 2514 392 2546 p.
425 2505 605 2545 192‚12).
653 2504 740 2543 μα’ς·
779 2524 817 2527 ---
869 2504 898 2536 οἱ
940 2507 1081 2551 Δωριεῖς
1119 2506 1174 2539 διὰ
1211 2507 1270 2549 τῆς
1308 2505 1328 2549 ἧ
1364 2505 1550 2550 γράφουσιν
1588 2502 1689 2538 αιἰτό.

239 2561 334 2593 Hinc
358 2560 534 2603 ‘corrigas
571 2572 604 2604 p.
632 2562 725 2603 353,
752 2563 789 2595 4!
836 2563 906 2600 μεὶς
941 2563 1027 2605 (leg.
1053 2563 1134 2606 μῂς)
1173 2565 1352 2609 Δωρικῶς,
1390 2562 1454 2606 μὴς
1489 2563 1579 2605 (leg.
1605 2563 1690 2604 μεὶς)

234 2616 395 2655 Ἀττικῶς
421 2621 477 2651 καὶ
501 2617 568 2662 μὴν
594 2620 707 2655 κοινῶς
771 2619 870 2651 Male
898 2620 956 2654 El.
986 2621 1022 2653 M
1063 2623 1149 2663 553,
1175 2624 1215 2662 3,
1254 2620 1314 2653 nbi
1340 2622 1410 2659 ,usis-
1434 2632 1453 2653 e
1477 2620 1544 2664 μήν
1569 2627 1689 2654 natum

239 2674 395 2708 dicitur:
437 2677 491 2707 καὶ
531 2676 664 2720 ἐτράπη
696 2675 734 2708 τὸ
765 2679 785 2720 ἡ
811 2680 968 2721 Δωρικῶς
995 2677 1037 2715 εἰς
1062 2676 1125 2721 τὴν
1150 2680 1187 2711 Ξῖ
1213 2680 1411 2720 (δίφθογγον.
1461 2678 1688 2712 Commemo-

240 2738 339 2764 ratur
372 2731 436 2774 μής
477 2741 514 2765 ιιι
553 2733 754 2767 mutatione
793 2743 912 2767 ortum
947 2746 965 2767 a
993 2736 1230 2778 'theognosto
1258 2739 1356 2769 Oxx.
1385 2736 1443 2770 11,
1474 2734 1557 2773 134,
1583 2734 1628 2767 30
1652 2739 1688 2765 et

244 2788 402 2821 Arcadio
429 2801 462 2832 p.
494 2791 576 2830 126,
605 2792 636 2822 9.
