1779 3079
428 139 469 198 §.
499 139 577 188 45.
642 141 718 186 De
743 138 894 186 variis
923 137 1188 201 particulis.
1434 139 1533 188 383

195 274 315 316 Inter
344 273 580 331 composita
622 274 725 315 ὅκκα
762 273 873 313 male
914 289 937 314 a
976 273 1265 329 grammaticis
1286 276 1322 326 4)
1361 291 1413 317 ex
1456 275 1534 317 ὅκα

82 341 297 398 geminata
328 357 517 383 consona
549 348 687 383 ortum
716 339 968 397 putabatur,
1002 357 1081 383 nec
1100 343 1253 384 melius
1271 342 1534 384 recentiores

83 408 257 466 quidam
288 409 398 451 illud
431 416 543 450 certe
577 409 703 457 ὅκκα,
737 407 854 464 quod
887 408 1080 450 ultimam
1111 411 1314 468 corripit,
1347 427 1424 468 pro
1456 411 1534 452 ὅκα

83 492 179 518 csse
209 476 534 528 existimarunt3
565 492 661 516 nam
693 493 714 515 κ
747 475 792 516 in
823 492 870 517 ca
900 491 1005 517 voce
1036 491 1121 516 non
1154 478 1291 533 magis
1322 479 1535 536 geminari

82 551 226 600 potest
255 560 383 601 quam
415 545 458 585 in
490 543 623 592 πόκα,
664 542 790 597 τόκα,
837 543 988 584 ἅλλοκα
1029 551 1071 584 et
1109 543 1212 584 ὅκκα
1242 561 1319 600 pro
1351 547 1431 587 ὅκα
1463 564 1531 595 κα,

83 611 180 652 ὅταν
225 627 319 652 csse
357 611 451 668 ipsa
491 610 755 653 constructio
797 619 923 689 atquc
964 610 1177 653 sententia
1217 613 1379 670 ubique
1410 615 1535 656 docet

83 679 172 722 vid.
207 680 367 722 Bnttm.
409 678 452 718 II
490 693 531 734 p.
567 678 662 720 370.
726 679 861 720 Recte
893 679 970 720 όκα
1001 686 1042 720 et
1073 679 1177 719 ὅκκα
1208 679 1535 737 distinguuntur

81 747 128 787 in
160 746 322 825 glossis
352 745 668 802 Hcsjchianis.
718 745 787 787 ὅκ’
826 743 877 803 ᾗ,
926 747 989 788 ὸτε
1021 743 1049 803 ᾖ
1089 754 1131 788 ct
1172 747 1275 788 ὅκκα
1310 748 1424 796 ociga
1455 750 1532 803 (2),

82 813 178 855 ὅταν
207 813 323 870 τύχῃ.
384 812 480 854 Jam
513 830 638 866 v·cio‚
672 821 718 855 ut
747 814 792 855 in
825 814 932 855 ὅκκα
962 814 1238 871 particulae
1226 832 1271 856 1n
1302 832 1429 857 unam
1462 832 1534 858 vo-

81 896 174 923 cem
205 881 485 934 coaluerunt,
533 883 590 923 ita
619 881 780 923 rectius
813 883 910 923 αἴκα
941 899 1068 939 quam
1101 884 1147 922 αἴ
1171 900 1224 923 κα
1255 883 1388 925 scribi
1417 884 1535 926 vidc-

80 956 174 1002 tur,
207 948 414 990 suadente
444 957 661 1006 practerea
692 949 976 991 collocatione
1005 950 1311 1007 particularum
1343 952 1530 993 Tllcocr.

80 1016 128 1068 Ι,
162 1016 186 1057 5
229 1016 324 1055 αἴκα
364 1015 403 1055 δ’
436 1016 529 1070 αἶγα
568 1017 672 1073 λάβῃ
717 1017 793 1069 (cs.
838 1018 942 1058 ὅκκα
984 1017 1026 1057 δ’
1064 1018 1210 1073 ἐντύχω
1250 1019 1408 1077 Epich.
1444 1021 1530 1071 19).

78 1084 232 1140 Itaque
273 1083 504 1140 ancipitem
544 1084 781 1125 editionum
818 1102 944 1126 nsum
982 1086 1035 1126 ad
1075 1103 1167 1128 cam
1209 1103 1400 1129 normam
1433 1103 1534 1130 con-

80 1150 314 1192 stituimus.
377 1151 642 1209 Plerumque
672 1159 812 1194 tamen
845 1153 1096 1208 conjunctio
1129 1155 1175 1195 «55
1200 1162 1297 1196 ante
1328 1173 1382 1195 κα
1411 1157 1534 1213 poni-

79 1226 171 1267 tur,
214 1227 261 1259 ut
291 1220 336 1258 αἰ
363 1219 410 1259 δέ
433 1236 486 1259 κα
517 1219 691 1261 Hcracl.
725 1220 773 1274 Ι,
806 1221 875 1263 08.
908 1221 978 1263 74.
1014 1222 1121 1275 130,
1161 1222 1348 1263 Theocr.
1381 1223 1428 1272 l,
1462 1224 1530 1266 10.

76 1286 132 1328 23
164 1286 247 1335 (ὅτε
280 1287 326 1326 δέ
351 1303 404 1326 κα
435 1286 578 1328 Rhod.
614 1288 742 1340 2525,
775 1289 852 1341 b),
886 1305 965 1330 nec
995 1290 1138 1331 minus
1169 1289 1442 1332 indefinitum
1472 1309 1535 1340 τις

78 1360 176 1395 ante
205 1370 258 1394 κα
288 1353 426 1411 accipi
458 1355 594 1408 solet,
628 1357 674 1395 αἴ
693 1373 772 1397 τινι.
802 1360 933 1407 (τινα,
965 1359 1087 1410 τινες)
1119 1375 1172 1398 κα
1202 1358 1377 1400 Heracl.
1402 1359 1439 1413 Ι,
1461 1360 1531 1401 57.

79 1421 149 1463 69.
184 1422 289 1475 123,
338 1422 455 1464 Cret.
490 1422 625 1474 3058,
678 1425 723 1463 αι’
759 1425 805 1464 δέ
838 1442 900 1473 τις
940 1426 1035 1478 (τινι
1067 1425 1171 1478 etc.)
1201 1443 1254 1466 κα
1284 1427 1460 1469 Heracl.
1493 1427 1533 1481 Ι,

76 1488 147 1531 71.
180 1489 249 1531 80.
286 1489 391 1542 103,
423 1489 540 1531 Cret.
576 1490 701 1533 3048.
735 1492 862 1535 3049.

189 1555 235 1613 4)
294 1558 405 1599 Ναί
441 1565 695 1614 potestatem
740 1559 1032 1601 affirmativam
1076 1577 1164 1603 non
1205 1561 1345 1603 solum
1384 1562 1534 1604 Attico

76 1640 194 1666 more
224 1640 322 1667 cum
351 1642 407 1677 μα
437 1633 479 1666 et
506 1627 751 1668 accusativo
788 1627 984 1682 junctam
1015 1629 1166 1681 habet,
1213 1636 1260 1670 ut
1288 1629 1447 1686 Epieh.
1480 1631 1536 1672 14

77 1694 144 1733 ναὶ
172 1691 228 1745 μὰ
257 1692 331 1732 τάν
361 1691 574 1746 κράμβαν,
622 1693 677 1735 60
706 1697 775 1734 ναὶ
803 1693 860 1746 μὰ
890 1698 977 1736 Δία
1014 1703 1126 1749 etc-9
1173 1697 1249 1739 sed
1279 1698 1406 1738 etiam
1438 1698 1534 1739 sinc

77 1776 134 1812 μα
163 1775 241 1816 pro
270 1759 419 1801 Attico
460 1760 536 1813 νή,
583 1768 632 1802 ut
660 1762 854 1804 Acharn.
886 1763 969 1805 708
1008 1767 1075 1804 ναὶ
1113 1763 1181 1805 τὸν
1216 1765 1403 1819 Ἱδρμᾶν,
1450 1765 1534 1808 740

76 1829 144 1867 ναὶ
172 1825 241 1868 τὸν
271 1827 478 1877 Διοκλέα,
510 1829 593 1870 764
622 1833 688 1870 ναὶ
715 1828 786 1871 τὸν
819 1832 1015 1881 Ποτειὸἇ,
1048 1831 1237 1888 Lysistr.
1271 1833 1340 1875 81.
1375 1832 1445 1874 86.
1478 1833 1535 1875 90

22 1891 24 1950 j
78 1901 160 1935 etc.
192 1896 260 1935 ναὶ
286 1894 341 1935 το)
376 1895 478 1945 σιώ,
509 1896 606 1939 206.
632 1898 714 1940 988
746 1900 813 1938 ναὶ
833 1896 904 1939 τὸν
921 1898 1149 1952 Κάστορα,
1182 1915 1263 1940 nee
1293 1916 1388 1942 raro
1419 1899 1535 1958 apud

76 1961 389 2015 Theocritum,
440 1963 515 2022 qni
556 1963 787 2022 aliquoties
817 1965 1043 2008 articulum
1075 1967 1221 2008 omisit
1250 1967 1319 2021 ΙΙ,
1353 1968 1434 2011 106
1463 1971 1534 2009 ναὶ

75 2030 273 2083 ῙΙΙοίρας,
318 2029 490 2084 XXIV,
523 2032 578 2073 74
605 2035 674 2072 ναὶ
708 2032 803 2084 ἕμὸυ
831 2034 952 2087 γλυκὺ
984 2035 1146 2087 φέγγος.
1219 2035 1370 2078 Minus
1415 2044 1532 2078 recte

76 2099 144 2138 ναὶ
176 2096 251 2136 σιώ
284 2096 378 2139 sine
408 2099 589 2141 articulo
622 2102 831 2158 scriptum
863 2109 953 2143 crat
982 2102 1167 2159 Lysistr.
1190 2103 1271 2157 81,
1306 2103 1383 2144 ubi
1414 2118 1533 2145 nunc

77 2163 336 2206 Dindorfius
366 2172 480 2207 recte
509 2167 706 2223 probavit
733 2169 924 2226 Reisigii
963 2170 1308 2213 emendationem
1346 2171 1455 2225 μάλα
1490 2170 1530 2224 y'

78 2232 153 2273 0ἶῶ
183 2234 248 2272 ναὶ
277 2230 331 2272 τα)
366 2231 458 2274 σιώ.

194 2298 236 2350 5)
295 2299 363 2341 De
404 2297 493 2347 ὦν,
541 2317 648 2359 quae
686 2303 822 2346 forma
853 2306 1079 2347 universae
1108 2305 1345 2362 antiquiori
1374 2304 1532 2348 Doridi

81 2379 179 2408 cum
217 2366 416 2409 dialectis
456 2368 602 2410 Ionica
644 2378 685 2411 et
714 2371 926 2413 Lesbiaca
964 2372 1205 2414 communis
1236 2380 1300 2413 cst
1327 2388 1406 2430 pro
1440 2369 1528 2423 οὖν,

81 2448 211 2490 supra
241 2434 431 2476 diximus
463 2437 504 2488 ξ.
537 2436 619 2489 20,
652 2438 719 2479 11.
793 2438 879 2480 Hic
911 2440 1108 2481 addimus
1140 2439 1406 2497 singularem
1435 2457 1529 2499 par-

78 2499 237 2543 ticulae
259 2503 583 2545 collocationem
606 2505 718 2546 inter
734 2508 1097 2564 praepositionem
1124 2515 1166 2549 ct
1189 2508 1386 2562 verbum,
1419 2525 1529 2567 quae

124 2657 161 2696 4)
210 2655 322 2699 Greg.
349 2657 388 2690 C.
416 2658 496 2691 242.
545 2656 585 2690 τὸ
620 2655 703 2691 ὅκκα
739 2658 816 2693 ἀντὶ
848 2663 909 2693 τοῦ
944 2658 1092 2704 ὁπηνίκα
1121 2662 1178 2694 καὶ
1212 2658 1315 2695 ὁπότε
1350 2663 1407 2696 καὶ
1437 2660 1527 2698 ὅπου

30 2731 32 2735 ·
78 2715 248 2758 χρῶνται,
274 2714 319 2748 cf.
346 2717 375 2757 §.
392 2716 434 2748 14
458 2721 532 2749 not.
551 2715 604 2749 14.
