1837 3157
240 496 724 566 AUGUSTO
772 498 1315 567 BOECKHIO

663 670 699 705 S.
749 672 791 705 P.
843 673 887 706 D.

368 806 530 863 HEN
534 805 599 863 R.
640 807 816 866 LUD.
856 808 1187 866 AHRENS.

61 1244 262 1331 Quum
292 1278 386 1310 aute
416 1270 495 1311 hos
525 1269 670 1312 decem
700 1286 831 1311 anuos
872 1272 1005 1311 almae
1036 1270 1248 1326 Gom-{fiae
1278 1271 1498 1328 Augustae

65 1362 190 1419 (heu,
238 1370 441 1420 quantum
472 1377 584 1402 nunc
614 1361 743 1403 distat
772 1362 822 1402 ab
853 1360 983 1415 illul)
1028 1362 1295 1404 alumnorum
1326 1380 1500 1404 numero

58 1461 146 1495 tum
170 1453 408 1510 adscriptus
439 1451 645 1509 primitias
675 1452 910 1492 studiorum
940 1467 1129 1492 meorum
1167 1450 1245 1507 (de
1274 1453 1445 1493 Athen
1458 1469 1498 1494 a·

61 1562 168 1587 rum
210 1552 352 1585 statu
388 1541 491 1598 etc.)
524 1543 568 1583 in
597 1543 738 1583 lucem
768 1541 1022 1594 edidissem,
1055 1543 1221 1583 nullum
1251 1545 1501 1602 cujusquam

56 1636 267 1693 judicium
315 1635 476 1691 gratius
525 1633 630 1675 mihi
674 1633 878 1690 contigit,
949 1651 1074 1690 quam
1114 1635 1228 1691 quod
1269 1635 1500 1677 Carolus

62 1728 381 1771 Fridcricus
424 1727 788 1778 Hermannus7
826 1725 892 1766 vir
921 1733 962 1768 et
991 1726 1205 1769 doctrinae
1236 1736 1277 1769 et
1306 1729 1501 1769 humani-

61 1820 158 1861 tatis
186 1818 359 1860 nomine
388 1815 598 1873 insignis,
648 1814 831 1872 primum
862 1831 958 1856 eum
990 1816 1249 1875 Corporis
1279 1820 1383 1861 Tui
1420 1821 1498 1861 In-

62 1909 428 1967 scriptionum
466 1907 793 1950 Graecarum
835 1908 1021 1950 fructum
1050 1910 1266 1966 appellare
1299 1911 1500 1969 dignatus

63 2010 138 2041 cst.
224 2000 288 2041 Ita
317 2000 430 2041 enim
459 2015 483 2041 a
510 1999 856 2057 praeceptoribus
896 2012 1127 2057 numquam
1159 2003 1258 2044 satis
1290 2003 1498 2056 colendis,

65 2090 231 2131 Beato
268 2089 530 2132 Dissenio
587 2099 630 2132 et
686 2091 883 2133 Carolo
924 2092 1198 2135 Odofredo
1239 2094 1498 2147 Miillero‚

65 2182 121 2223 ita
169 2181 340 2223 assiduo
380 2197 557 2239 operum
596 2180 837 2224 Tuorum
891 2200 972 2224 usu
1012 2184 1086 2226 Te
1140 2194 1182 2226 ct
1222 2186 1421 2228 admirari
1464 2194 1504 2227 vt

66 2287 202 2312 amare
234 2271 407 2313 edoctus
437 2288 575 2326 eram,
606 2281 652 2314 ut
681 2289 843 2315 summa
872 2275 1089 2332 voluptate
1119 2277 1329 2327 afficerer,
1372 2293 1502 2335 quum

67 2359 195 2405 Tibi
223 2377 357 2402 meam
387 2361 738 2419 qualemcumque
770 2363 940 2406 laudem
963 2362 1116 2406 debere
1147 2371 1272 2422 atquc
1300 2365 1502 2407 Tecum

66 2449 234 2506 pietatis
275 2449 456 2507 quodam
494 2451 666 2494 vinculo
705 2453 958 2509 conjunctus
1007 2469 1100 2494 csse
1142 2454 1321 2497 viderer.
1407 2453 1503 2496 Jam

69 2539 233 2580 (luobus
270 2539 416 2581 lustris
459 2544 641 2598 peractis
672 2561 806 2601 quum
835 2545 972 2600 majus
1003 2559 1107 2602 opus
1138 2544 1312 2602 publico
1336 2544 1502 2599 judicio

70 2629 326 2672 committere
365 2646 468 2672 auso
507 2633 658 2674 iterum
693 2635 834 2676 Tuis
871 2636 1138 2692 potissimum
1169 2635 1361 2692 vestigiis
1400 2637 1502 2677 insi-

72 2719 267 2762 stendum
305 2719 480 2776 fuisset,
527 2724 750 2766 accedente
780 2731 994 2783 practerea
1037 2726 1198 2783 insigni
1228 2725 1503 2779 humanitate,
