1779 3079
236 188 329 238 138
764 189 837 234 De
880 189 1139 237 vocalibus.

345 324 570 376 ἄπειρος
607 338 687 380 pro
730 323 1054 377 ijneopog'Pind.
1091 325 1283 383 Tragg.,
1329 326 1587 383 ’Λπειρωτᾶν
1631 330 1676 371 in

231 391 415 433 nummis
446 391 502 433 cs.
537 392 577 443 ξ.
610 390 691 445 20,
722 391 763 434 6.

343 458 487 499 ἀπύω
518 458 646 500 Pind.
678 459 839 517 Tragg.
887 459 1082 501 Eustath.
1115 459 1224 515 685,
1253 461 1308 504 23
1337 477 1416 519 pro
1445 461 1579 512 η’πύω.

343 525 559 581 ἇργάεις
587 526 715 568 Pind.
751 543 827 585 pro
859 526 1024 582 ἀργήεις
1053 528 1105 569 ab
1136 527 1327 570 obsoleta
1356 544 1460 572 voce
1483 529 1585 585 ἀργή
1607 531 1676 574 de·

228 595 434 637 scendere
464 594 645 637 videtur.

338 661 663 710 Ἀσκλαπιός
704 662 786 704 titt.
828 663 884 705 cf.
917 662 1328 721 Aesculapius,
1375 664 1489 723 apud
1520 665 1676 707 Pinda-

225 748 320 774 rum
347 729 606 780 Ἀσκληπιός
633 729 690 771 N.
714 730 796 785 Ill,
824 732 879 773 52
905 739 947 773 et
974 732 1087 774 idem
1118 732 1190 774 vix
1218 739 1332 774 recte
1363 748 1416 774 ex
1446 748 1534 775 uno
1563 733 1676 775 libro

224 799 458 858 repositum
487 799 539 840 Ρ.
573 798 664 852 ΙΙΙ,
695 798 737 840 6.

336 867 363 908 ἅ
374 884 432 908 συ
441 884 532 921 χος
561 865 691 907 Pind.
724 866 782 906 ita
811 872 979 920 tamen,
1009 874 1057 907 ut
1086 867 1308 910 nonnullis
1328 868 1374 910 in
1398 868 1506 911 locis
1527 884 1676 911 omnes

223 935 325 977 libri
354 935 574 991 vulgarem
603 934 782 975 formam
811 939 985 975 teneant
1021 934 1107 976 vid.
1140 935 1332 977 Boeckh.
1362 936 1484 979 Nott.
1518 936 1592 978 Cr.
1625 937 1677 978 ad

223 1003 295 1045 Ol.
330 1002 409 1052 IV,
443 1003 518 1056 173
565 1002 801 1056 ἆσυχαία
833 1000 967 1059 Soph.
1004 1001 1114 1044 Oed.
1149 1003 1202 1045 C.
1234 1003 1330 1046 198.

323 1070 591 1123 ”Αφαιστο
610 1087 629 1118 ς
660 1069 814 1127 Epich.
848 1069 931 1111 titt.
964 1069 1092 1111 Pind.

334 1137 490 1193 ἁχέω,
525 1137 656 1192 ἀχώ,
691 1136 789 1192 ἀχά
818 1152 898 1195 pro
927 1136 1059 1193 ἠχέω,
1090 1136 1205 1194 ἠχώ,
1235 1136 1314 1194 η’χή
1340 1136 1469 1179 Pind.
1489 1137 1674 1195 Tragg„

220 1222 329 1265 quae
363 1212 543 1263 cognata
574 1212 674 1246 sunt
703 1220 798 1246 eum
828 1204 947 1260 ἰάχω.

333 1273 431 1322 ἀώς
461 1273 614 1331 Epieh.
647 1272 810 1330 Tragg.
843 1272 972 1314 Pind.
1022 1274 1078 1315 ef.
1120 1273 1241 1314 Ann.
1283 1272 1420 1314 Bekk.
1461 1272 1571 1328 694,
1601 1274 1670 1317 20.

221 1342 347 1385 Suid.
382 1358 477 1384 s.v.
508 1340 596 1391 ἠώς·
624 1356 703 1399 pro
722 1341 871 1383 lonico
891 1340 994 1396 ἠώς,
1027 1341 1238 1383 Lesbiaco
1256 1341 1381 1390 αὕως,
1413 1340 1562 1383 Attico
1581 1344 1670 1389 ἕως.

331 1409 561 1464 βάρακες
589 1409 806 1451 Laconice
836 1409 881 1450 in
912 1409 1084 1467 Epilyci
1112 1409 1255 1452 Coral.
1289 1424 1369 1467 pro
1402 1407 1585 1462 βήρηκες
1615 1410 1671 1451 cf.

217 1479 322 1521 Ath.
366 1479 456 1529 Ill,
492 1479 586 1520 114.
621 1478 684 1532 Ε,
730 1477 850 1519 Anu.
894 1477 1029 1519 Bekk.
1071 1478 1183 1532 226,
1217 1479 1269 1532 1,
1315 1477 1508 1534 Hesych.
1553 1493 1586 1520 S.
1629 1493 1670 1520 v.

216 1546 400 1603 βάρακες
438 1553 480 1588 et
517 1546 654 1602 βὴραξ
693 1552 734 1587 et
773 1544 970 1601 βήρηκες.
1033 1545 1224 1587 Eandem
1263 1560 1410 1587 vocem
1450 1544 1495 1586 in
1535 1544 1668 1586 Ther.

214 1615 340 1658 2448.
376 1614 458 1669 Vl,
483 1616 536 1657 12
563 1631 643 1672 pro
672 1612 842 1667 πάρακα
872 1615 983 1656 hene
1013 1613 1202 1656 restituit
1223 1612 1469 1655 Meinekius
1502 1612 1668 1655 Comm.

214 1683 256 1725 II
297 1699 341 1742 p.
374 1683 470 1726 888.

328 1754 509 1805 βᾶσσα
539 1749 667 1790 Pind.
704 1749 839 1807 Soph.
872 1749 949 1805 Aj.
976 1750 1071 1793 196.
1107 1750 1217 1791 Oed.
1245 1748 1296 1790 C.
1319 1749 1373 1792 73
1401 1764 1481 1806 pro
1511 1752 1667 1802 βῆσσα.

326 1817 494 1874 βλαχά
533 1833 614 1876 pro
654 1817 784 1873 βληχή
827 1817 989 1861 Aescli.
1031 1817 1152 1876 Sept.
1195 1818 1307 1872 330,
1350 1817 1503 1874 Eurip.
1545 1815 1667 1873 Cycl.

215 1888 283 1929 48.
319 1886 385 1928 59.

327 1953 507 2006 γαθὲω
538 1953 734 1994 Eustath.
761 1953 861 2007 670,
887 1952 956 1995 62.
1003 1952 1186 2009 Tragg.,
1216 1951 1382 2005 γεγάθει
1410 1949 1565 2007 Epich.
1599 1951 1670 2003 75,

214 2021 447 2076 γαθόσυνος
477 2021 546 2062 Et.
582 2020 635 2061 G.
672 2022 778 2074 124,
810 2021 879 2063 58.

324 2089 581 2143 γαθυλλίς
610 2087 765 2146 Epich.
789 2088 843 2131 89
872 2102 951 2145 pro
984 2087 1198 2140 γηθυλλίς,
1234 2086 1290 2127 cf.
1315 2086 1502 2144 Hesych.
1523 2089 1667 2140 γαθιά,

217 2157 421 2199 sinantia.

323 2223 502 2279 γαρύω
532 2238 610 2281 pro
640 2222 779 2277 γηρύω
810 2221 967 2275 Pind.,
1007 2222 1221 2274 μελίγαρυς
1261 2221 1389 2262 Pind.
1423 2222 1566 2264 Alcm.
1600 2223 1665 2264 12.

327 2292 584 2344 ὃαλεόμαι
613 2307 692 2349 pro
723 2290 915 2343 ὁηλεόμαι
945 2297 1118 2347 apparet
1150 2288 1193 2329 in
1227 2289 1481 2343 φρενοδαλής
1503 2292 1665 2332 Aeseh.

213 2434 339 2475 ᾳοκλῆς
364 2430 473 2464 (inam
499 2457 506 2464 .
534 2456 541 2464 .
568 2457 576 2465 .
641 2430 781 2464 Musuii
811 2432 993 2464 cori-ectio
1022 2442 1088 2475 pei·
1114 2441 1152 2463 so
1179 2429 1285 2463 vaide
1314 2430 1520 2473 probabilis
1548 2431 1667 2463 incer-

214 2489 287 2523 rior
312 2489 373 2532 fit,
412 2489 442 2523 si
471 2498 660 2532 compaies
686 2487 875 2532 ἀπηιάΐος,
912 2488 1174 2533 ἀπάνθρωπος,
1210 2485 1317 2527 ὠμὸς,
1355 2488 1489 2521 deinde
1523 2486 1667 2530 ἀπηνής,

214 2545 375 2592 σκληρός,
411 2544 497 2585 ὠμός
523 2554 590 2580 etc.
641 2546 787 2582 Cercius
813 2554 953 2579 constat
984 2546 1029 2579 de
1055 2546 1215 2582 ποτιένιος
1247 2556 1313 2589 pro
1338 2545 1524 2589 προςηνής,
1559 2555 1666 2587 quam

214 2615 340 2638 vocem
369 2604 579 2648 Hesychius
608 2615 672 2648 pei·
697 2603 898 2648 προς-φιλῇς,
928 2602 1008 2646 ‚jam
1036 2603 1308 2648 inu-ipretatur.
1370 2601 1460 2634 Nam
1495 2614 1665 2634 ποτανιω-

213 2661 321 2695 τάταν
349 2660 436 2694 libri
476 2662 653 2705 praebent
685 2661 720 2694 in
747 2661 919 2695 Cieobnli
956 2661 1114 2705 epistola
1144 2661 1253 2703 Diog.
1284 2659 1404 2692 Laert.
1432 2659 1470 2700 l,
1496 2661 1562 2700 93,
1600 2659 1664 2693 ubi

211 2718 469 2752 ποτανεστάταν
495 2726 757 2760 correxerunt,
794 2727 828 2752 et
856 2721 1017 2752 norm-im
1047 2719 1118 2752 levi
1145 2717 1343 2752 mutatione
1378 2725 1462 2761 (pro
1488 2717 1665 2749 noran-«0¹3

213 2777 435 2821 Epicharmo
463 2777 505 2810 si.
532 2780 576 2812 33
606 2777 841 2811 restituimus.
