1779 3079
303 212 344 270 ᾗ.
378 213 456 261 35.
522 214 595 258 De
627 220 945 274 systematum
980 209 1284 257 formatione.
1422 208 1522 258 283

72 347 247 390 tentiam
290 355 478 390 nostram
519 344 820 403 exposuimuS,
866 360 1100 401 paucorum
1141 347 1184 386 in
1231 344 1523 401 cognitionem

70 416 322 474 pervenisse
342 416 554 467 videatur,
589 427 794 455 summam
819 412 882 452 rei
906 412 1123 453 succincte
1148 414 1239 467 jam
1262 420 1520 470 repetemus.

188 484 343 525 Omnis
387 484 575 525 Graecae
617 478 937 537 conjugationis
979 480 1087 520 ratio
1130 480 1312 521 maxime
1350 481 1393 521 in
1437 496 1523 536 sy·

72 552 335 593 sternatis
388 557 611 602 versatur,
669 563 779 604 quac
834 562 888 588 ne
941 547 1078 587 ullum
1127 547 1301 603 quidem
1350 548 1524 589 verbum

71 620 215 661 omnia
257 618 540 675 amplectitur.
619 616 861 672 Systemata
903 623 1043 655 autem
1084 616 1189 655 haec
1229 631 1251 655 a
1291 616 1419 657 nobis
1449 631 1528 656 vo-

70 695 248 728 cantur:
297 686 339 738 l)
369 686 584 727 Praesens
614 699 711 725 cum
743 683 1029 739 lmperfecto,
1076 684 1120 732 2)
1153 683 1399 723 Persectum
1430 698 1527 723 eum

72 754 535 811 plusquamperfecto,
581 752 625 799 3)
665 751 907 802 Futurum,
953 751 998 800 4)
1044 750 1300 790 Aoristusl
1340 750 1441 790 Aet.
1485 757 1527 790 et

68 821 218 874 Med.‚
250 822 293 872 5)
323 821 528 862 Aoristus
559 820 601 861 II
627 820 729 860 Aet.
764 826 806 860 et
836 817 985 870 Med„
1014 817 1059 872 6)
1089 817 1296 859 Aoi-istus
1327 818 1346 857 l
1377 817 1525 869 Pass.7

69 889 113 940 7)
146 888 351 930 Aoristus
382 888 426 929 Il
456 889 608 940 Pass,
654 888 700 939 8)
737 886 1004 928 lterativum.
1077 885 1174 927 Jam
1207 884 1347 926 omnis
1377 884 1526 939 conju-

70 954 185 1012 gatio
217 956 383 997 duabus
414 956 547 997 rebus
574 954 845 1007 continetur,
880 961 1158 1011 systematum
1190 952 1526 994 formatione

70 1031 113 1064 et
142 1024 414 1066 flexione.
476 1023 764 1081 Systematum
797 1022 1095 1063 formationem
1127 1037 1217 1062 eam
1242 1021 1525 1078 appellamuS,

70 1107 153 1147 qua
196 1107 218 1132 e
260 1092 393 1149 stirpe
433 1091 599 1133 verbali
639 1090 910 1146 singulorum
943 1096 1221 1146 systematum
1255 1088 1410 1145 stirpes
1442 1088 1527 1128 essi-

70 1158 264 1206 ciuntur,
298 1165 346 1199 ut
374 1175 397 1199 a
426 1175 501 1198 τυπ
534 1157 783 1199 derivantur
815 1157 945 1214 stirps
977 1157 1226 1198 Praesentis
1256 1155 1381 1209 τύπτ,
1422 1156 1526 1196 Pcr-

68 1225 169 1266 fecti
198 1242 342 1278 uttrcp,
390 1226 542 1266 Futuri
573 1234 614 1266 et
643 1225 812 1266 Aoristi
845 1226 862 1265 l
895 1239 1000 1277 τινψ,
1044 1224 1211 1265 Aoristi
1241 1224 1259 1264 I
1290 1241 1334 1281 p.
1367 1230 1524 1276 τυᾳθη,

69 1293 238 1334 Aoristi
270 1293 313 1334 II
343 1308 386 1350 p.
429 1292 550 1343 τύπη.
625 1292 914 1350 Systematum
956 1293 1084 1334 flexio
1125 1293 1172 1333 fit
1210 1308 1286 1349 per
1328 1291 1526 1333 termina-

68 1360 235 1414 tiones,
268 1377 346 1419 per
375 1368 654 1417 augmentum
684 1361 908 1402 indicativi
938 1361 1266 1418 praeteritorum
1300 1365 1341 1400 et
1364 1359 1526 1416 aliqua-

68 1436 196 1470 tenus
226 1445 302 1486 per
331 1429 546 1471 vocalium
577 1428 873 1470 mutationem.
948 1429 1144 1482 Quatuor
1175 1429 1219 1469 in
1251 1443 1298 1469 ea
1331 1434 1526 1484 spectan-

68 1505 139 1538 tur
168 1497 494 1554 conjugationis
533 1497 786 1538 varietates:
850 1497 894 1546 1)
933 1497 1187 1553 conjugatio
1225 1496 1271 1537 in
1312 1513 1368 1544 ω,
1416 1510 1527 1552 quae

69 1565 372 1622 complectitur
402 1565 610 1621 pleraque
641 1565 893 1606 Praesentia
924 1572 965 1606 et
991 1565 1222 1622 plerosque
1250 1563 1453 1604 Aoristos
1484 1563 1525 1603 ΙΙ

69 1648 106 1674 a.
139 1648 228 1685 ur,
281 1632 425 1673 omnia
465 1632 628 1673 Futura
668 1641 709 1674 et
738 1633 969 1686 Iterativa5
1028 1631 1077 1686 2)
1109 1631 1357 1689 conjugatio
1388 1631 1433 1671 in
1464 1647 1523 1682 με,

70 1714 198 1756 quam
239 1707 480 1757 sequuntur
521 1715 654 1756 pauca
685 1700 938 1742 Praesentia
980 1707 1022 1742 et
1059 1701 1186 1757 pauci
1217 1698 1385 1740 Aoristi
1415 1698 1522 1738 lla.

70 1783 158 1819 πω,
207 1782 356 1807 omnes
387 1767 554 1808 Aoristi
584 1768 620 1808 I.
654 1768 698 1808 Il
730 1768 928 1822 Passivi3
990 1768 1034 1818 3)
1073 1767 1321 1823 conjugatio
1358 1765 1527 1807 Aoristi

71 1835 90 1875 ἶ
121 1850 156 1875 a.
191 1851 281 1888 m.3
328 1836 372 1885 4)
413 1835 661 1891 conjugatio
694 1835 900 1878 Perseeti.
961 1835 1335 1877 Terminationum
1367 1835 1526 1891 duplex

69 1917 205 1958 genus
238 1909 477 1960 spectatur,
532 1904 711 1944 alterum
744 1904 787 1944 in
819 1904 906 1958 iis,
952 1899 1071 1961 quac*
1092 1904 1223 1959 vulgo
1253 1904 1307 1944 ad
1338 1903 1524 1943 activum

69 1971 316 2011 referuntur
344 1978 386 2011 et
416 1971 461 2011 in
495 1971 667 2013 aoristis
698 1971 888 2028 passivi,
939 1972 1117 2013 alterum
1150 1972 1195 2012 in
1227 1971 1409 2029 reliquis
1439 1986 1524 2011 me-

72 2037 133 2078 dii
163 2047 205 2079 et
233 2038 395 2094 passivi
427 2039 593 2080 formis.
673 2039 969 2095 Objectivi
999 2041 1175 2082 nomine
1206 2039 1281 2082 illa
1311 2038 1525 2096 complexi

73 2120 250 2158 sumus,
284 2107 389 2149 haec
420 2106 759 2163 Subjeetivi.

723 2250 765 2301 ξ.
800 2250 867 2291 35.

413 2350 492 2381 De
523 2353 836 2391 systematum
862 2353 1179 2386 formatione.

185 2444 232 2499 1)
290 2445 431 2487 Pauca
474 2454 598 2496 suut,
646 2448 804 2505 quihus
844 2451 1164 2507 praesentis
1204 2451 1403 2493 formatio
1433 2452 1521 2494 Do-

71 2512 158 2554 rIca
188 2528 211 2553 a
241 2513 407 2569 vulgari
438 2514 602 2556 ratione
642 2516 937 2574 distinguitur.
1010 2519 1078 2559 De
1118 2522 1140 2566 ζ
1180 2519 1294 2575 apud
1322 2519 1522 2562 Lacones

71 2579 351 2636 Megarenses
382 2581 427 2622 in
459 2583 508 2621 δδ
537 2590 721 2637 mutato,
765 2592 810 2625 ut
838 2586 994 2625 παίδδω
1024 2602 1101 2642 pro
1131 2587 1288 2635 παίζω,
1331 2588 1520 2630 diximus

71 2648 112 2699 ξ.
149 2648 223 2701 12,
254 2648 296 2690 3.
329 2650 381 2702 43.
427 2649 479 2690 de
510 2648 846 2693 Tarentinorum
890 2654 1095 2694 λακιίσσω
1125 2669 1204 2710 pro
1235 2656 1405 2703 λακτίζει)
1436 2663 1516 2697 etc.

70 2714 111 2766 ξ.
148 2716 226 2768 12,
257 2717 310 2770 53,
371 2717 423 2758 de
468 2718 726 2767 eorundem,
774 2719 810 2760 si
855 2728 968 2761 recte
1008 2720 1218 2774 traditur,
1267 2721 1401 2771 ἀνάξω
1441 2740 1518 2782 pro

73 2780 242 2822 ἀνάσσω
273 2791 352 2825 etc.
390 2787 431 2837 ξ.
468 2786 543 2837 13,
576 2786 626 2839 35
667 2787 713 2828 in
743 2786 897 2829 iisdem
927 2788 1208 2846 paragraphis
1240 2789 1292 2831 de
1322 2791 1420 2833 aliis
1451 2809 1516 2834 ra—
