1779 3079
288 241 326 299 ᾗ.
360 244 437 292 33.
516 245 587 289 De
627 242 821 304 reliquis
861 242 1242 304 pronon‘linibus.
1393 244 1493 291 275

43 380 166 429 αὐτός
194 379 502 421 indeclinabile
533 378 723 420 habitum
756 378 837 431 sit,
885 380 961 436 qui
999 397 1106 423 usus
1136 382 1304 424 medius
1335 391 1399 424 est
1429 382 1491 423 in-

5 441 6 446 *
41 456 108 491 ter
136 447 224 501 μετ’
257 446 389 495 αὐταῖς
421 446 608 500 (αὐτοῦς)
640 444 771 486 αὐτῶν
801 453 842 487 ct
869 446 957 499 μετ’
991 448 1211 490 αὖταυτῶν.

157 515 253 558 Jam
284 531 384 558 vero
417 515 677 572 geminatum
719 512 861 563 αὐτός,
912 514 1003 556 sive
1042 531 1169 557 voces
1210 523 1493 558 secernuntur

43 581 142 639 (nec
172 592 260 626 tum
292 581 590 625 collocationis
621 580 729 622 ratio
760 581 995 623 discrimen
1026 583 1175 637 eflicit)
1211 584 1299 626 sive
1331 584 1493 626 Dorice

41 652 87 692 in
127 668 256 693 unam
295 652 563 698 coalescunt,
614 648 816 692 reflexiva
852 657 1060 706 potestate
1100 651 1235 694 utitur
1272 667 1323 692 eo
1354 659 1490 701 aucta,

41 720 158 776 quod
189 728 229 761 et
260 717 448 773 subjecti
478 725 520 758 ct
551 716 709 772 obJecti
747 717 865 759 notio
903 718 1158 775 pronomine
1191 718 1311 766 αὐτός
1342 719 1492 761 distin-

42 787 205 844 guitur.
294 787 444 844 Itaque
488 786 578 833 ταῖς
633 783 833 833 αὐταύτας
881 787 1022 840 χερσίν
1076 794 1141 827 cst
1186 787 1308 844 ipsa
1355 786 1492 828 meis

40 854 224 911 ipsius
254 854 528 907 manibus,
576 854 839 893 πεπαίδευται
870 852 943 893 ὑπ’
974 852 1175 902 αὐταύτας
1214 870 1237 895 a
1279 870 1335 895 se
1368 855 1491 911 ipsa

41 922 159 964 sola
202 920 483 964 instituta
527 928 625 962 cst.
703 920 963 963 Rccentiorc
1004 928 1145 963 tamen
1187 930 1376 979 tempore
1419 921 1492 961 αὐ-

38 989 185 1031 ταύτου
231 989 423 1047 emphasi
464 989 629 1044 abjecta
670 988 726 1029 ita
765 1005 843 1046 pro
884 988 1073 1046 simplici
1112 989 1314 1031 reflexivo
1345 989 1493 1030 haberi

39 1064 239 1115 coeptum
269 1065 362 1110 est,
410 1063 455 1097 ut
497 1056 622 1097 etiam
663 1056 835 1097 tertium
869 1056 991 1105 αὐτός
1020 1057 1119 1098 addi
1150 1064 1322 1114 posset,
1366 1057 1492 1113 cujus

39 1139 144 1165 usus
176 1124 370 1181 exempla
401 1139 529 1180 supra
559 1124 842 1181 apposuimus
876 1123 997 1165 Stob.
1032 1125 1076 1178 Ι,
1109 1125 1163 1166 75
1197 1123 1297 1164 αὐτὰ
1329 1123 1384 1164 δι’
1419 1124 1492 1164 αὖκ

38 1208 163 1231 ταυτα
195 1199 236 1232 ct
267 1190 391 1231 αὐτὰν
421 1190 478 1230 δι’
511 1190 735 1240 αὐταύταν,
781 1191 923 1245 CXV,
955 1193 1009 1234 27
1043 1191 1163 1239 αὐῐὸς
1196 1192 1405 1232 αἰῖταυῑον.
1438 1219 1489 1223 -

39 1258 89 1300 Si
128 1274 229 1300 vero
272 1258 541 1316 pronominis
580 1266 770 1316 potestas
813 1260 1014 1301 ressexiva
1054 1268 1143 1312 cst,
1205 1276 1289 1300 non
1330 1260 1491 1301 rectius

38 1326 302 1382 Apollonius
335 1326 644 1368 nominativum
687 1327 884 1374 αὕταινῑος
924 1327 1078 1381 finxit,
1145 1344 1272 1384 quam
1317 1327 1354 1368 si
1395 1328 1493 1385 quis

39 1394 236 1446 ἔμαυτός,
271 1393 434 1442 ἑαυτάς,
470 1394 634 1443 ἄλληλοι
666 1395 827 1451 fingere
851 1394 969 1437 velit.
1030 1394 1183 1452 Neque
1216 1395 1492 1450 intelligitur,

38 1477 124 1519 quo
147 1462 248 1517 jure
278 1469 480 1503 accentus
511 1463 764 1504 retrahatur.
838 1462 938 1504 Non
977 1462 1246 1515 dubitamus,
1292 1462 1399 1520 quin
1441 1479 1492 1503 cx

39 1528 161 1577 αὐτὸς
194 1528 319 1570 αὐτοῦ
349 1530 508 1571 factum
540 1529 595 1571 sit
627 1529 851 1579 αὐταυτοῦ,
893 1546 980 1571 non
1013 1529 1224 1571 αὐταύτου.

151 1598 300 1655 Itaque
333 1597 422 1652 jam
463 1596 651 1654 praecipi
693 1604 886 1654 oportet,
947 1597 1244 1640 Doricnsibus
1276 1599 1492 1655 peculiare

40 1664 177 1706 fuisse
216 1680 453 1722 pronomen
495 1664 772 1713 resscxivum,
820 1665 936 1722 quod
967 1665 1020 1706 ad
1050 1682 1199 1708 omues
1233 1674 1316 1707 tres
1346 1682 1491 1722 perso-

38 1749 115 1774 nas
146 1748 281 1789 aeque
312 1731 463 1772 referri
494 1739 668 1788 posset,
701 1731 804 1773 olim
834 1733 1148 1790 cmphaticum,
1188 1741 1333 1790 postea
1368 1733 1437 1774 vix
1471 1750 1492 1774 a

38 1798 292 1856 vulgaribus
332 1798 549 1840 ressexivis
591 1806 798 1856 potestate
844 1800 1088 1853 diversum,
1137 1800 1267 1857 idque
1304 1802 1381 1840 hac
1421 1801 1491 1841 sse-

37 1867 167 1908 xionc
196 1883 349 1908 usum:

40 1964 151 2006 Gen.
185 1963 300 2021 sing.
338 1963 637 2014 αόῑαυῑοῦ(ιιῖ),
700 1963 931 2011 αι”ταυτᾶς,
994 1963 1268 2012 ozi-mumma)

38 2032 146 2072 Aee.
207 2058 260 2063 --
336 2030 559 2079 αὐταυῑόυ,
703 2030 928 2083 αὐῑαυτάν,
991 2029 1164 2071 αὐταυιό
1197 2031 1265 2072 vel
1297 2029 1492 2072 av’mvzda·

40 2099 148 2141 Gen.
182 2099 294 2155 plur.
331 2098 560 2144 αὐταντῶν,
701 2098 900 2141 «dumah
921 2132 928 2144 ‚
993 2097 1213 2138 αὗῑαιιῑῶν.

40 2198 322 2255 Reliquorum
367 2214 541 2240 casuum
582 2199 689 2241 ratio
740 2200 867 2241 facile
918 2207 1106 2256 apparet.
1187 2200 1490 2241 Accusativum

41 2266 236 2308 neutrius
284 2269 454 2321 generis
500 2266 670 2308 αὐταυῑό
712 2284 838 2324 supra
870 2268 1089 2309 attulimus
1120 2283 1172 2308 cx
1204 2267 1326 2308 Stob.
1362 2268 1406 2313 l,
1440 2269 1492 2308 75

41 2341 83 2376 ct
112 2333 305 2375 indidem
338 2333 548 2374 αὐῑαυῑόν.
624 2335 705 2376 Illa
752 2336 888 2377 forma
920 2335 1061 2376 verior
1091 2343 1156 2376 est
1186 2343 1228 2375 ct
1258 2335 1489 2391 antiquior.

152 2399 200 2455 6)
262 2401 576 2442 Rclativum
609 2403 793 2459 simplex
824 2402 936 2459 apud
961 2402 1197 2443 Dorienses
1228 2410 1335 2443 teste
1357 2401 1490 2457 Apol-

42 2468 159 2510 lonio
195 2466 302 2523 (vid.
338 2476 426 2510 not.
460 2467 500 2523 l)
532 2462 585 2508 in¹
609 2470 870 2511 nominativo
905 2469 1058 2526 plurali
1091 2470 1216 2510 modo
1246 2486 1265 2507 τ
1298 2468 1494 2524 praefigit

42 2535 168 2578 modo
200 2536 399 2592 spiritum
428 2552 625 2592 asperum
660 2544 823 2588 servat,
872 2554 999 2594 quam
1040 2538 1198 2577 formae
1239 2535 1492 2591 ambiguita-

43 2609 125 2643 tem
169 2612 346 2660 excepto
388 2603 650 2644 nominativo
692 2604 903 2659 singulari
946 2602 1175 2644 masculini
1214 2609 1254 2642 ct
1294 2602 1491 2643 feminini

44 2669 226 2727 rcIIquis
258 2670 431 2711 casibus
462 2686 730 2711 communem
764 2671 927 2723 fnisse,
975 2670 1066 2718 vel,
1116 2677 1162 2710 ut
1191 2668 1350 2710 rectilis
1382 2669 1493 2709 dica-

45 2751 166 2789 mus,
213 2737 426 2792 genuinae
457 2738 613 2778 Doridi
655 2738 832 2779 licuisse
874 2738 1056 2778 articulo
1095 2752 1174 2793 pro
1204 2736 1383 2778 relativo
1415 2736 1493 2786 uti⁷

47 2818 71 2844 e
107 2803 243 2845 titulis
284 2813 324 2846 ct
363 2805 647 2862 scriptoribus
689 2805 791 2846 satis
833 2812 1020 2862 apparet.
1094 2803 1201 2845 Nam
1249 2804 1293 2844 in
1336 2804 1493 2845 tabulis

1159 2888 1231 2929 18*
