1779 3079
22 1723 29 1790 ‚„...—
22 1670 28 1711 ⁴...

380 231 422 292 §.
454 231 534 284 49.
606 233 682 280 De
711 229 958 279 severiore
986 225 1183 277 Doride.
1407 227 1508 277 415

174 373 222 424 2)
279 369 552 413 Laconica
597 368 748 425 lingua
792 365 916 424 plura
959 364 1196 424 peculiaria
1233 363 1362 406 habet
1400 372 1442 406 et
1485 380 1506 405 a

61 440 258 499 reliquae
287 438 496 489 Doridis,
542 436 668 479 etiam
705 434 959 488 severioris,
1005 432 1320 476 consuetudine
1350 431 1507 484 aliena,

60 525 189 566 quam
220 507 309 549 ulla
340 506 424 548 alia
453 504 640 546 Doricae
671 502 843 544 dialecti
875 501 1059 560 speeies,
1128 501 1240 557 Ejus
1268 499 1510 558 proprietas

61 576 129 618 his
158 574 430 632 potissimum
462 571 731 614 continetur:

175 643 363 685 Voeales
394 659 418 691 η
451 648 493 681 et
523 657 553 680 ω
584 654 663 696 pro
694 635 976 695 diphthongis
1006 650 1042 675 ει
1071 642 1114 676 et
1143 651 1190 676 ov
1231 636 1402 692 saepius
1441 650 1512 676 ex-

62 711 184 753 hibet
215 726 343 768 quam
373 708 543 766 reliqua
572 706 708 748 Doris
741 704 947 747 severior.
1019 703 1240 744 Abhorret
1271 703 1385 745 enim
1417 719 1513 745 cum

65 779 234 836 vulgari
265 777 416 835 lingua
447 790 734 817 consonarum
763 789 814 814 νσ
844 771 1221 828 conjunctionem,
1260 786 1385 828 quam
1416 787 1515 828 pars

64 844 340 888 Cretensium
370 859 466 885 cum
498 842 679 900 Argivis
711 848 961 890 servarunt,
1001 847 1043 881 et
1072 846 1356 881 extremarum
1387 840 1515 895 sylla-

62 914 214 956 barum
245 912 560 970 correptiouem
580 942 592 965 ,
625 909 696 952 eui
726 909 925 968 plerique
955 907 1184 949 Cretenses
1214 913 1256 948 ct
1287 905 1514 963 Cyrenaei,

61 982 206 1023 minus
238 980 435 1022 Italiotae
474 986 782 1031 assueverunt,
832 977 877 1019 in
919 975 1219 1035 quotidianum
1261 991 1388 1016 usum
1428 989 1517 1016 non

63 1047 264 1091 admittit.
335 1048 484 1105 Itaque
516 1046 732 1088 Laconica
765 1053 865 1087 sunt
895 1047 1040 1098 μῶσα,
1086 1048 1245 1095 ἵππιος,
1292 1043 1420 1096 λέγην.
1463 1067 1517 1073 -

62 1115 252 1158 Voeales
283 1132 324 1158 ,εο
357 1131 528 1173 semper
557 1114 603 1155 in
633 1131 671 1155 ιο
712 1121 784 1155 aut
824 1130 872 1153 ιω
903 1113 1086 1164 abeunt,
1128 1127 1180 1152 εω
1226 1110 1271 1151 111
1311 1127 1386 1157 ιω,
1432 1108 1518 1150 11151

64 1200 198 1242 quum
230 1183 472 1224 immutatas
501 1183 639 1223 teneri
671 1188 862 1238 oportet,
911 1188 956 1221 ut
988 1179 1234 1233 ἀπορίομες,
1285 1177 1516 1231 ὁμιώμεθα,

66 1253 234 1293 ἐπαινίω
266 1251 353 1293 vid.
389 1247 427 1307 ξ.
456 1250 534 1305 26,
569 1251 608 1291 1.
667 1249 823 1307 Aeque
854 1247 1050 1305 plerique
1083 1247 1372 1289 Cretensium.
1431 1245 1520 1288 No-

64 1327 204 1361 tamus
245 1318 373 1360 etiam
414 1317 532 1368 σιός,
582 1317 698 1374 quod
741 1317 853 1374 apud
895 1323 1058 1374 partem
1103 1314 1378 1358 Cretensium
1421 1313 1521 1362 θιός

66 1387 271 1440 sonabat,
301 1403 380 1444 pro
409 1385 510 1434 θεὸς
541 1385 629 1427 vid.
664 1385 706 1438 ξ.
742 1385 810 1438 17,
843 1385 883 1426 3.
925 1410 980 1415 -
1040 1382 1149 1424 Cum
1183 1383 1368 1426 Italiotis
1396 1382 1519 1425 verbi

66 1455 321 1497 substantivi
351 1453 626 1512 participium
657 1453 811 1499 ἔντ-ος
836 1467 1062 1493 commune
1093 1450 1253 1493 habent
1279 1451 1368 1493 vid.
1387 1451 1428 1505 ξ.
1447 1449 1517 1492 40.

180 1522 415 1580 Sequentia
445 1539 468 1565 a
499 1523 692 1579 reliquae
715 1518 946 1562 severioris
965 1518 1144 1561 Doridis
1168 1535 1249 1561 usu
1274 1518 1518 1561 discedunt.

68 1590 218 1648 Signia
250 1590 363 1632 inter
390 1590 562 1633 vocales
594 1590 639 1630 in
661 1588 859 1646 spiritum
881 1604 1079 1645 asperum
1102 1587 1380 1629 convertendi
1407 1601 1518 1636 mOS,

67 1666 116 1701 ut
146 1659 307 1707 ἑποιήἑ,
340 1657 520 1714 Argivis
552 1657 794 1699 communis
826 1665 890 1698 cst
917 1663 985 1708 et,
1027 1655 1303 1713 grammatico
1336 1654 1522 1713 quodam

66 1733 199 1777 teste,
247 1725 546 1783 Pamphyliis‚
588 1724 942 1773 Eretriensibus,
990 1723 1169 1781 Oropiis
1199 1722 1287 1765 vid.
1319 1723 1361 1776 ξ.
1393 1722 1435 1765 9.
1468 1749 1522 1754 -

70 1794 220 1850 Sigma
251 1792 297 1834 in
328 1810 351 1846 ρ
381 1801 587 1836 mutatum
620 1801 686 1834 est
713 1809 736 1833 a
767 1792 1016 1834 Laconibus
1054 1799 1102 1833 ut
1140 1791 1193 1832 ab
1223 1790 1374 1844 Eleis,
1415 1788 1524 1831 Ere-

67 1861 305 1903 triensibus
351 1869 393 1902 ct
444 1861 626 1902 fortasse
673 1859 1051 1902 Chalcidensibus.
1141 1857 1355 1915 Ejusdem
1409 1856 1524 1916 apud

26 1975 29 1984 ¹
70 1930 222 1972 Cretes
251 1928 502 1970 mutationis
533 1945 668 1970 unum
698 1928 933 1986 vestigium
962 1926 1175 1985 reperitur
1203 1926 1291 1969 vid.
1325 1925 1367 1979 ξ.
1395 1926 1436 1968 8.
1469 1950 1524 1956 -

68 1996 319 2040 Laconibus
352 1995 455 2037 solis
487 1996 711 2053 proprium
742 2004 808 2038 est
840 2013 864 2036 σ
892 2011 970 2053 pro
1000 2001 1059 2045 θ,
1104 1995 1231 2050 eujus
1273 1993 1524 2036 mutationis

18 2063 22 2131 Ἰ
70 2072 189 2106 extra
211 2064 470 2106 Laconicam
502 2064 732 2106 dialectum
763 2065 932 2106 nullum
965 2079 1146 2121 usquam
1178 2062 1423 2120 exemplum
1454 2076 1524 2102 su-

20 2183 22 2187 ·
72 2136 241 2189 perstes
271 2139 334 2172 cst
363 2140 530 2186 praeter
560 2148 687 2174 11113111
719 2132 909 2188 glossam
941 2131 1182 2188 Carystiam
1210 2130 1300 2172 vid.
1330 2130 1371 2182 ξ.
1395 2127 1436 2170 7.
1469 2154 1524 2160 —-

70 2198 161 2241 Pro
205 2195 369 2253 duplici
411 2213 602 2241 consona
643 2203 665 2248 ζ
702 2199 747 2240 111
787 2199 941 2257 primis
982 2198 1208 2242 vocabulis
1246 2195 1463 2239 Laconice
1505 2196 1529 2234 ὁ·

33 2270 34 2273 ’
72 2264 273 2324 ponitur,
305 2263 351 2305 111
382 2265 536 2308 mediis
567 2269 617 2306 ὃὸ
643 2275 691 2308 ut
722 2269 880 2320 ὁὶῦμος,
914 2267 1020 2308 ὅὸὁω
1050 2266 1139 2309 vid.
1173 2264 1324 2319 §.1⁶2,
1365 2262 1525 2320 pariter

73 2341 202 2391 atque
224 2333 269 2372 in
289 2331 547 2375 Boeotorum
577 2334 787 2390 dialecto,
822 2351 844 2376 0
864 2334 1157 2377 Doriensibus
1190 2331 1272 2373 soli
1297 2330 1524 2386 Megaren-

76 2416 146 2443 ses
176 2400 448 2457 aliquateuus
481 2401 575 2456 ejus
606 2403 934 2445 consuetudinis
967 2401 1199 2460 participes
1221 2398 1357 2439 fuisse
1378 2397 1525 2439 viden-

73 2477 158 2510 tur.
192 2494 248 2499 —-
305 2468 412 2509 Item
442 2468 642 2512 Lacones
674 2487 769 2512 eum
799 2470 977 2512 Boeotis
1010 2486 1035 2511 σ
1065 2466 1296 2524 aliquoties
1325 2465 1371 2506 in
1402 2480 1524 2506 voca-

37 2584 39 2594 ¹
74 2536 274 2578 bulorum
314 2536 453 2576 fronte
482 2545 579 2577 ante
610 2555 631 2577 κ
661 2546 702 2579 et
733 2556 761 2591 φ
793 2539 1009 2593 abjectum
1039 2549 1265 2578 commune
1292 2532 1450 2573 habent
1480 2539 1526 2573 ut

77 2604 145 2656 φίν
176 2619 251 2661 pro
285 2604 380 2655 σᾳίν
409 2602 497 2644 vid.
531 2604 569 2656 ξ.
598 2604 676 2657 15,
707 2605 748 2646 3.
810 2607 1035 2647 Postremo
1067 2601 1284 2644 communi
1313 2600 1525 2642 recentio-

74 2687 169 2712 rum
200 2671 421 2713 Laeonum
455 2678 496 2711 ct
527 2670 787 2715 Boeotorum
816 2690 933 2715 more
965 2690 1010 2714 ου
1039 2686 1116 2729 pro
1146 2686 1168 2709 υ
1200 2668 1406 2710 scribitur
1432 2668 1520 2709 vid.

188 2806 306 2849 Haec
338 2808 426 2850 fere
459 2816 584 2862 sunt,
631 2807 794 2867 quibus
825 2807 1040 2849 Laconica
1070 2806 1221 2863 lingua
1250 2803 1433 2846 maxime
1463 2802 1526 2844 di·-
