1779 3079
100 176 142 236 §.
164 175 238 223 ll.
271 177 344 224 De
364 195 391 222 σ
418 174 467 222 in
492 178 515 231 ξ
539 184 618 223 aut
643 189 903 223 consonam
935 173 1194 236 palatinam
1221 181 1417 220 mutato.
1473 171 1537 222 91

100 312 143 366 ξ.
174 314 256 367 22,
287 313 349 365 7).
431 313 537 354 Post
578 310 865 368 diphthongos
902 308 1037 365 igitur
1064 310 1205 351 Dores
1246 309 1454 352 maturius
1484 309 1538 351 ad

101 380 276 437 vulgare
308 397 332 421 0·
361 379 655 438 accipiendum
685 375 914 418 inclinasse
944 375 1155 417 videntur.

213 448 346 505 Apud
373 446 649 489 Theocritum
679 450 895 502 praeterea
923 443 1131 483 nonnulla
1162 444 1288 485 verba
1319 451 1541 486 assumunt

105 519 149 565 ξ,
198 532 319 574 (ῙιιειιεΑ
344 515 473 571 vulgo
509 513 553 554 in
586 511 799 570 praesenti
828 514 850 559 ζ
878 526 964 552 non
994 510 1176 565 habent,
1222 517 1269 551 ut
1297 515 1430 562 κλᾳξῶ
1457 512 1541 567 Vl,

105 584 187 637 32,
220 582 447 630 ἀπόκλαξον
475 587 517 622 et
547 578 781 627 ἁποκλάξας
808 578 920 627 XV,
952 579 1021 620 43.
1043 579 1096 620 77
1127 580 1241 629 (nam
1274 579 1542 628 κατεκλάξατο

103 649 284 702 XVIII,
316 649 340 691 5
371 647 741 706 corruptissimum
769 645 876 702 est),
909 662 933 688 a
961 648 1074 687 κλείω
1096 649 1159 699 2),
1197 645 1350 688 deinde
1380 647 1544 699 γελάξαι

103 717 220 770 VII,
250 718 319 759 42.
355 717 461 770 128,
507 715 622 770 ΧΧ,
655 717 695 758 1.
728 714 769 768 5,
799 714 971 769 χαλάξαι
1000 714 1138 767 ΧΧΙ,
1168 715 1245 767 51,
1290 713 1454 767 ἔᾳθαξα
1482 715 1543 768 Π,

107 785 186 827 115
217 783 389 836 (φλάξαι
417 783 477 838 V,
509 784 605 826 148.
628 784 707 826 150
729 783 997 838 conjecturae
1019 782 1221 830 debetur,
1254 785 1396 838 νικαξῇ
1415 781 1544 836 XXI,

104 852 160 894 32
187 850 558 908 corruptissimum
589 858 678 905 est,
730 850 953 899 ὑπαντάξαι
982 850 1094 907 apud
1124 850 1312 906 Hesych.
1346 857 1388 890 et
1419 849 1549 890 ἀπαν-

103 918 224 968 τάξαι
260 920 444 976 Archyt.
491 935 534 976 p.
569 920 620 960 41
661 919 783 960 Hart.
828 918 873 959 in
913 917 1124 965 -αντιάξαι,
1160 917 1412 974 corrigenda
1451 932 1547 960 esse

104 986 337 1035 videntur).
401 986 488 1029 Sed
517 986 591 1027 illa
619 986 761 1044 potius
788 1002 812 1027 a
842 985 973 1035 κλάζω
1004 985 1293 1038 descendunt,
1326 985 1439 1042 quod
1461 1001 1547 1026 ser-

107 1062 250 1096 vatum
287 1061 352 1096 est
387 1055 431 1096 in
462 1054 736 1111 Hesychiana
773 1054 916 1110 glossa
948 1052 1208 1101 κατεκλάζετο
1253 1059 1459 1104 (ceterum
1489 1053 1547 1094 cf.

107 1123 149 1175 ᾗ.
168 1123 269 1177 42),
300 1138 379 1164 nee
409 1121 552 1163 minus
580 1121 742 1175 γελάξαι
772 1128 814 1162 et
841 1120 1014 1175 χαλάξαι
1044 1120 1260 1175 (χαλάξαις
1290 1120 1414 1161 etiam
1439 1120 1551 1178 apud

106 1189 342 1231 Pindarum
377 1190 429 1231 P.
463 1190 507 1243 Ι,
538 1189 565 1231 6
604 1189 779 1246 leg-itur)
819 1204 843 1229 a
874 1187 1035 1230 Siculis
1074 1188 1371 1246 praesentibus
1400 1187 1552 1242 γελάζω

108 1264 152 1300 et
192 1257 357 1313 χαλάζω
403 1257 586 1299 derivari
630 1263 838 1315 possunt,
896 1256 982 1299 vid.
1026 1253 1064 1313 ἓ.
1099 1258 1167 1298 37.
1240 1255 1326 1297 Sed
1371 1255 1549 1310 φθάξαι,

108 1341 241 1383 quum
268 1341 471 1384 praesens
503 1325 654 1378 φθάζω
686 1324 789 1383 poni
818 1339 905 1365 non
934 1325 1096 1383 possit,
1142 1324 1293 1383 procul
1329 1324 1458 1366 dubio
1489 1324 1552 1382 ip-

109 1393 200 1436 sius
229 1393 407 1436 Doridis
437 1393 556 1450 leges
586 1393 731 1435 laedit.

222 1462 265 1512 3)
325 1461 490 1503 Eodem
532 1462 659 1502 modo
700 1460 909 1502 Doricum
949 1465 968 1509 ξ
1015 1476 1092 1518 pro
1137 1476 1161 1501 σ
1207 1460 1473 1518 conspicitur
1509 1460 1554 1502 in

77 1556 92 1570 .
111 1529 387 1572 substantivis
417 1528 638 1570 abstractis
667 1528 712 1569 in
742 1529 791 1575 ξιξ
821 1529 1103 1582 excuntibus,
1150 1545 1257 1586 quac
1289 1545 1309 1569 a
1340 1529 1482 1571 verbis
1512 1529 1556 1570 in

111 1596 157 1641 ff»
188 1597 458 1639 derivantur:
501 1598 667 1650 χείριξις
699 1597 827 1638 Corc.
862 1598 994 1649 1845,
1025 1598 1222 1650 ἐγὸίκαξις
1250 1597 1396 1638 Aetol.
1430 1597 1557 1650 3046,

115 1664 382 1715 κατονόμαξις
411 1664 607 1705 Archim.
641 1665 778 1706 Aren.
822 1681 865 1722 p.
898 1664 1007 1718 325,
1045 1666 1298 1713 καθίππαξις
1335 1664 1448 1709 (cod.
1481 1681 1557 1705 κα-

112 1733 354 1783 θίπταξις),
415 1735 580 1784 πομπῆς
627 1732 753 1785 ὄνομα
795 1730 910 1787 παρὰ
954 1734 1301 1785 Λακεδαιμονίοις
1345 1732 1557 1789 Hesych.,

113 1800 324 1852 κιθάριξις
352 1799 484 1840 Decr.
513 1799 558 1840 in
588 1799 734 1855 Tium,
780 1799 934 1841 deinde
972 1799 1017 1841 in
1058 1800 1330 1858 compositis,
1378 1816 1559 1857 quorum

113 1867 233 1926 prior
275 1882 373 1924 pars
413 1882 436 1908 a
472 1867 614 1908 verbis
652 1867 698 1908 in
740 1868 787 1914 {5
823 1868 1087 1909 descendens
1124 1868 1253 1925 vulgo
1297 1868 1339 1908 in
1375 1885 1415 1908 σι
1445 1868 1557 1909 exit:

112 1934 421 1989 ’Λρμοξίδαμος
449 1934 580 1976 Petil.
611 1951 678 1976 nr.
712 1937 761 1989 4,
809 1938 1041 1985 Συιξιτέλης
1078 1935 1123 1977 in
1153 1936 1398 1977 recentibus
1426 1936 1559 1978 Laeo-

115 2003 226 2045 nicis
247 2002 368 2044 1271.
390 2003 510 2045 1282.
536 2003 642 2045 1373
673 2010 716 2045 et
731 2005 956 2052 Σοίξιππος
988 2003 1123 2057 1457,
1157 2020 1289 2062 quum
1322 2004 1365 2045 in
1383 2004 1557 2062 Anaph.

115 2070 253 2124 2477,
300 2069 448 2111 Siculo
487 2071 600 2129 apud
627 2071 825 2113 Torrem.
857 2071 962 2125 XV,
992 2073 1048 2114 42
1077 2079 1158 2114 etc.
1190 2075 1405 2122 Σωσικλῆς
1436 2079 1478 2114 et
1506 2071 1561 2112 si-

116 2137 233 2179 milia
261 2138 472 2193 legantur.

227 2205 455 2246 Praeterea
484 2204 625 2247 Dores
668 2210 687 2254 ξ
724 2223 802 2265 pro
847 2224 870 2249 σ
909 2224 1124 2250 assumere
1164 2208 1362 2250 videntur
1391 2207 1435 2249 in
1465 2206 1562 2256 κλάξ

120 2288 197 2330 pro
228 2273 358 2325 κλείς,
390 2274 503 2320 ustaig
533 2280 574 2314 et
604 2273 716 2329 ὄρνιξ
748 2291 826 2332 pro
858 2276 993 2329 ὄρνις,
1037 2276 1087 2317 de
1119 2276 1276 2333 quibus
1307 2276 1420 2317 infra
1447 2275 1561 2316 vide-

119 2339 260 2381 bimus
291 2342 332 2391 ξ.
365 2340 434 2382 31.
494 2340 608 2382 Male
638 2343 745 2390 δι’ξος
775 2350 817 2384 et
845 2345 978 2398 τρίξος
997 2375 1009 2397 ,
1041 2360 1148 2401 quae
1179 2351 1278 2386 sunt
1307 2344 1454 2386 Ionica
1482 2358 1561 2399 pro

121 2409 264 2455 δι’σσος
306 2415 348 2448 et
391 2410 582 2461 τρίσσος,
629 2408 790 2452 Dorica
827 2411 1124 2453 existimantur
1161 2420 1336 2469 propter
1374 2413 1485 2459 δι’ξας
1520 2416 1564 2451 et

119 2477 284 2528 τρίξας,
336 2490 605 2517 nummorum
637 2476 881 2519 Siculorum
922 2480 1093 2520 nomina
1130 2480 1273 2537 pravis
1302 2477 1563 2533 conjecturis

166 2642 202 2680 2)
251 2639 434 2674 Incertior
460 2646 512 2674 est
538 2640 717 2686 Hesychii
745 2643 868 2685 glossa
894 2646 1031 2688 κλςῖξαι,
1057 2647 1193 2679 κλεῖσαι.
1254 2646 1344 2679 Nam
1371 2645 1405 2679 in
1431 2646 1560 2680 codice

125 2709 218 2732 nunc
242 2706 296 2732 est
321 2697 456 2739 nachao,
483 2698 595 2732 fuisse
623 2699 768 2734 videtur
792 2701 968 2736 Schowio
994 2710 1082 2737 teste
1106 2703 1247 2744 κλάκαι,
1275 2704 1373 2746 quod
1389 2704 1561 2738 Musurus

124 2756 304 2799 correxit,
331 2755 455 2798 itaque
479 2756 656 2800 suspicari
683 2757 787 2798 licet,
814 2760 951 2795 rectius
975 2763 1111 2794 κλαῖσαι
1134 2761 1288 2806 corrigi.
