1779 3079
212 195 273 246 14
658 197 698 255 §.
737 198 783 245 2.
855 199 929 245 De
965 198 1191 245 fontibus.

375 333 566 378 Tabulae
596 335 1031 390 Heracleenses‚
1076 351 1185 392 quae
1215 342 1305 377 erat
1331 334 1510 377 Tarenti
1539 336 1652 378 colo·

209 404 304 457 nia,
337 419 360 445 a
386 402 639 446 Mazocchio
668 401 852 461 Neapoli
882 420 919 445 a.
954 404 1062 445 1754
1091 403 1252 457 editae,
1284 411 1511 461 postquam
1539 404 1651 460 frag·

204 478 393 512 mentum
435 470 481 511 in
526 470 791 512 Britanniam
836 471 1020 512 delatum
1053 471 1144 526 jam
1190 480 1313 513 antea
1356 487 1379 513 a
1419 471 1652 512 Maittairio

203 538 368 596 publici
397 538 511 593 juris
553 540 710 580 sactum
750 546 853 581 erat.
941 539 1060 581 Inter
1099 555 1247 580 omnes
1284 539 1432 580 titulos
1474 537 1651 580 Graccis

203 606 395 648 dialectis
435 606 698 647 illustrandis
738 607 915 648 idoneos
958 607 1050 648 sine
1092 608 1179 648 ulla
1209 615 1481 648 controversa
1512 606 1652 663 palma

201 673 356 731 dignae
399 680 510 715 sunt.
586 673 697 715 Nam
737 682 778 715 et
819 674 949 732 ampli
989 681 1088 715 sunt
1127 675 1309 715 ambitus
1351 681 1393 715 et
1423 673 1562 714 facilis
1592 673 1650 714 le—

202 741 385 796 ctionis,
416 748 463 783 ut
491 741 707 782 rarissime
738 742 1028 796 conjecturam
1058 742 1323 796 desiderent,
1356 749 1398 783 et
1416 742 1553 783 honac
1583 756 1650 782 ae-

198 808 321 861 tatis,
354 808 514 866 quippe
547 824 655 865 quae
687 809 922 849 secuudum
942 809 1239 851 Mazoeehium
1265 817 1446 851 exeunte
1478 808 1649 850 saeculo

199 892 237 917 a.
273 876 375 917 Chr.
412 883 562 933 quarto
594 875 776 932 scriptae
808 874 919 929 sint,
966 876 1151 933 denique
1192 877 1243 918 ad
1273 877 1530 920 severiorem
1560 876 1650 917 Do-

197 943 333 985 ridem
364 943 659 984 illustrandam
689 941 955 984 utilissimae.
1020 944 1221 985 Ceterum
1244 944 1374 985 altera
1394 943 1537 985 tabula
1558 943 1649 985 Ma-

197 1011 372 1053 zoeehio
398 1027 443 1067 p.
480 1010 558 1052 135
588 1010 734 1068 paullo
763 1010 978 1053 recentior
1007 1011 1200 1065 videtur,
1245 1026 1488 1068 quanquam
1519 1010 1650 1052 iidem

196 1078 241 1119 in
273 1085 451 1135 utraque
483 1080 647 1134 ὁρισταὶ
677 1077 967 1120 nominantur.
1027 1079 1139 1121 Nam
1171 1079 1215 1120 in
1233 1080 1342 1121 hanc
1373 1085 1415 1121 et
1435 1078 1650 1120 recentior

195 1146 500 1203 orthographia
549 1153 591 1188 et
632 1146 780 1187 Attica
832 1145 1039 1188 dialectus
1092 1147 1320 1205 aliquoties
1362 1146 1646 1204 irrepserunt,

195 1229 303 1270 quae
335 1229 356 1254 a
389 1213 533 1271 priore
562 1213 725 1255 alienae
757 1221 883 1268 sunt,
916 1222 963 1256 ut
990 1216 1156 1256 Fsluan
1185 1215 1256 1269 ll,
1287 1215 1357 1258 55.
1391 1213 1458 1257 57.
1482 1214 1553 1257 71.
1575 1214 1646 1267 75,

193 1282 304 1335 τρεῖς
334 1281 404 1322 15.
438 1281 505 1323 53.
538 1282 619 1336 70,
659 1283 858 1335 τέσσαρες
886 1282 955 1336 ΙΙ,
988 1283 1070 1337 50,
1101 1281 1410 1338 τεσσαράκοντα
1439 1281 1516 1334 49,
1561 1283 1647 1322 δια-

193 1347 336 1390 κόσιοι
365 1349 444 1403 35,
476 1365 608 1407 quum
637 1348 683 1390 in
714 1349 856 1408 priore
886 1350 1028 1392 tabula
1058 1351 1217 1408 ubique
1249 1357 1292 1391 et
1320 1350 1366 1390 in
1397 1349 1528 1390 altera
1556 1348 1647 1406 ple·

195 1432 376 1474 rumque
407 1417 650 1458 scribantur
677 1420 849 1471 Fluan,
888 1419 1001 1474 τρῖς,
1033 1419 1216 1473 τέτορες,
1247 1416 1522 1472 τετρώκουτα,
1557 1419 1648 1458 δια-

191 1484 342 1527 xoium.
415 1485 477 1526 At
507 1485 552 1526 in
583 1485 752 1527 tabulae
781 1485 939 1544 prioris
969 1486 1208 1542 fragmento
1237 1485 1488 1527 Britannico
1527 1484 1558 1525 l.
1590 1485 1643 1527 41

192 1551 455 1607 τετρακόσιαι
484 1553 644 1610 legitur
673 1569 752 1612 pro
781 1553 1064 1607 τετρακάτιαι,
1110 1553 1225 1610 quod
1254 1553 1301 1593 in
1331 1552 1510 1610 reliquis
1541 1552 1645 1594 scri-

191 1628 312 1678 ptum
351 1628 430 1663 est.
510 1621 638 1674 Quod
678 1637 730 1662 an
762 1637 857 1663 cum
888 1621 982 1662 aliis
1012 1620 1236 1662 Maittairii
1277 1620 1413 1661 errori
1442 1620 1645 1662 debeatur

191 1689 376 1730 dubitari
406 1695 572 1746 potest,
612 1705 710 1730 nam
740 1689 792 1730 de
823 1688 1064 1731 Britannici
1094 1688 1323 1745 fragmenti
1351 1688 1537 1730 lectione
1565 1688 1644 1729 mi-

191 1772 271 1798 nus
303 1764 418 1800 certo
449 1764 613 1798 constat
642 1773 769 1814 quam
800 1756 851 1797 de
880 1757 1077 1816 reliquis.

359 1824 590 1880 Inscriptio
635 1824 681 1865 in
724 1824 972 1866 Bruttiis
1017 1832 1210 1882 reperta,
1268 1838 1376 1880 quae
1424 1829 1488 1863 est
1530 1822 1644 1863 inter

190 1891 314 1932 Rosii
346 1892 656 1947 Inscriptiones
685 1891 1013 1934 vetustissimas
1043 1908 1087 1948 p.
1106 1891 1233 1944 VIII,
1265 1890 1404 1947 quarti
1425 1921 1436 1943 ,
1470 1889 1505 1930 si
1537 1889 1642 1946 quid

188 1959 338 2012 video,
370 1975 406 2000 a.
443 1959 547 1999 Chr.
582 1959 756 2000 saeculi.
818 1960 1059 2000 Paucorum
1090 1958 1216 1999 lectio
1248 1964 1362 1999 certa
1391 1964 1469 1998 est.

302 2027 346 2077 8)
406 2027 441 2067 E
472 2027 646 2067 Doricis
687 2026 868 2067 coloniis
915 2026 966 2066 ad
995 2025 1301 2083 Bosporum
1333 2033 1374 2066 et
1404 2025 1640 2066 Pontum

190 2094 462 2136 Euxinum
496 2094 589 2134 sitis
620 2094 746 2151 pauci
779 2094 892 2134 tituli
924 2094 1102 2147 adsunt,
1136 2093 1245 2134 unde
1266 2109 1410 2134 earum
1431 2092 1639 2133 dialectus

188 2162 391 2219 cognosci
423 2162 580 2219 possit:

373 2229 759 2286 ''yzantiorum
811 2230 1027 2271 decretum
1069 2229 1222 2271 Olbiae
1265 2226 1452 2285 positum
1502 2225 1555 2267 C.
1598 2225 1634 2268 I.

188 2314 253 2338 nr.
287 2297 398 2340 2060
428 2313 449 2337 e
474 2297 640 2338 Tiberii
672 2298 739 2338 vel
774 2298 996 2353 Caligulae
1026 2305 1242 2355 tempore,
1275 2296 1398 2350 cujus
1429 2294 1636 2335 dialectus

187 2381 265 2423 pro
296 2365 457 2407 recenti
488 2372 619 2405 aetate
651 2373 691 2405 ct
722 2381 799 2422 pro
830 2382 879 2406 co
911 2365 1026 2423 quod
1058 2365 1101 2406 in
1133 2364 1238 2406 urbe
1269 2380 1356 2404 non
1376 2361 1536 2404 Dorica
1566 2377 1636 2402 cx-

187 2441 349 2473 aratum
382 2439 469 2482 est,
503 2433 603 2473 satis
637 2449 739 2490 pura
771 2441 848 2473 cst.

355 2500 776 2542 Chalcedonius
809 2501 957 2542 titulus
990 2501 1102 2558 apud
1127 2499 1287 2556 Caylus
1319 2499 1488 2540 Recueil
1519 2498 1634 2538 d’an·

187 2571 358 2622 tiquiles
393 2568 553 2609 V01.11
585 2569 652 2609 Pl.
680 2568 757 2619 55,
797 2568 992 2619 dialecti,
1035 2576 1081 2608 ut
1110 2585 1223 2609 nunc
1255 2566 1426 2623 quidem
1460 2565 1633 2621 legitur,

186 2652 334 2692 parum
365 2652 512 2692 purae.

355 2702 915 2744 Mcssembrianorum
958 2702 1124 2743 decreta
1165 2702 1216 2742 dc
1262 2699 1463 2758 proxenia
1503 2698 1553 2739 C.
1598 2697 1632 2738 I.

184 2785 249 2810 nr.
283 2770 394 2812 '2055
415 2802 426 2821 ,
458 2771 500 2811 b.
536 2787 572 2812 c.

1734 2348 1744 2363 ,

1720 2365 1748 2613 i

1720 2614 1742 2753 »5

1724 2766 1734 2800 ί
