1779 3079
336 211 375 268 (x.
410 211 487 258 31.
542 212 616 258 De
648 209 966 257 declinatione
996 209 1231 256 anomala.
1412 205 1514 254 241

64 351 215 389 ιἀικιόιι
251 346 408 405 Sophr.
452 347 520 388 33.
553 347 634 399 54,
679 345 875 398 γυναῖκας
914 343 1069 401 Epich.
1117 344 1156 385 5.
1233 341 1350 396 Quid
1390 342 1516 384 lateat

63 416 175 473 apud
207 414 420 457 Joannem
454 412 783 454 Grammatieum
818 412 849 452 f.
881 412 990 463 243,
1018 426 1039 451 a
1071 419 1110 452 et
1143 410 1397 468 Gregorium
1431 409 1516 450 Co-

62 484 271 525 rinthium
313 499 355 541 p.
390 483 502 534 345,
563 479 637 537 qui
676 479 849 520 tradunt
880 478 1052 520 Siculos
1096 477 1164 526 τῆιι
1193 479 1362 531 γυναῖκα
1392 475 1516 531 γανήν

63 552 155 603 (all.
188 550 333 604 γάναιι)
367 549 535 600 dicere,
566 547 797 588 obscurum
829 554 908 588 est.

179 618 301 673 δόρυ
342 615 575 675 genitivum
610 612 825 669 δόρατ(ος)
869 613 997 655 habet
1027 614 1187 670 Amph.
1224 612 1356 665 1688,
1404 611 1517 653 unde

64 685 188 727 etiam
221 686 272 726 de
303 684 418 726 vocis
449 683 544 737 γόνυ
576 682 863 724 declinatione
895 681 1144 736 conjectura
1174 680 1268 722 fieri
1295 687 1458 737 potest.

178 753 334 805 Ζεύς,
380 751 492 793 Gen.
526 750 634 798 Διὸς
665 749 781 791 Cret.
814 749 924 792 2554
956 757 1067 801 etc.,
1122 746 1217 788 Dat.
1252 749 1363 788 AcFl
1394 746 1443 787 C.
1479 747 1514 787 Ι.

66 837 131 862 nr.
164 822 218 863 29
263 827 304 862 et
347 820 531 860 fortasse
573 817 751 875 Corcyr.
790 818 918 870 1869,
964 818 1022 858 „ll
1061 816 1103 856 in
1147 816 1267 872 galea
1309 813 1517 855 Hieronis

65 904 130 928 nr.
167 887 248 941 163
280 895 498 945 praeterea
533 885 668 933 Ζαιιός
699 893 813 938 etc.,
847 884 935 925 vid.
971 890 1010 936 ζ’.
1042 883 1105 936 19,
1139 883 1180 925 6.
1242 881 1518 924 Nonlinativo

63 957 143 1003 Δίς
177 956 367 996 Rhintho
399 970 505 995 usus
539 955 675 995 fertur
696 970 716 994 a
747 953 1053 994 Choeroboseo
1084 951 1219 992 Bekk.
1254 950 1378 1000 1194,
1411 964 1519 1006 quae

66 1022 200 1063 forma
233 1030 590 1064 commemoratur
620 1022 746 1063 etiam
778 1021 830 1062 al)
861 1020 1112 1061 Herodiano
1142 1037 1184 1059 π.
1219 1037 1260 1069 μ.
1295 1023 1330 1058 λ.
1363 1017 1414 1067 6,
1452 1017 1518 1067 15,

62 1089 345 1146 Tlieognosto
377 1090 490 1131 Oxx.
524 1089 591 1141 ΙΙ,
627 1090 733 1141 135,
765 1091 791 1132 8
829 1097 870 1131 et
899 1088 1089 1129 Arcadio
1119 1104 1162 1144 p.
1197 1086 1304 1137 125,
1337 1087 1378 1127 2.
1440 1084 1518 1125 Al-

64 1173 255 1198 cmanem
303 1157 614 1199 nominativum
658 1157 744 1196 Ζάν
788 1171 1024 1213 usurpasse
1069 1154 1318 1196 Lobeekius
1358 1151 1516 1193 Parall.

64 1241 107 1282 p.
138 1225 190 1266 71
235 1225 365 1267 tradit
406 1241 458 1266 ex
501 1224 740 1266 Anecdotis
778 1222 1058 1265 Baroecianis
1105 1222 1148 1262 in
1192 1221 1307 1262 Mus.
1357 1219 1516 1260 Philol.

67 1291 271 1334 cantabr.
312 1293 384 1346 ll,
417 1293 525 1345 413,
585 1291 630 1333 in
671 1292 867 1334 Anecdd.
913 1291 1025 1333 Oxx.
1073 1290 1139 1331 111
1185 1306 1227 1346 p.
1261 1288 1342 1329 ‘228
1376 1303 1518 1343 seqq..

64 1358 138 1400 ubi
172 1359 319 1400 eadem
353 1367 551 1418 excerpta
584 1360 762 1417 repetita
793 1368 919 1412 sunt,
968 1357 1078 1399 nihil
1119 1357 1215 1411 ejus
1257 1355 1429 1413 generis
1463 1355 1518 1395 le-

65 1426 223 1483 gimus.
297 1427 416 1469 Idem
448 1427 694 1469 Lobeclzius
734 1444 775 1486 p.
807 1428 861 1470 92
903 1427 998 1474 Ζείς
1036 1426 1080 1466 in
1121 1440 1294 1465 nummo
1337 1422 1519 1479 Syracu-

66 1510 170 1536 sano
215 1496 382 1536 confert
424 1511 519 1536 cum
561 1497 671 1547 μείς,
719 1494 861 1547 μηνός.
936 1494 997 1535 At
1025 1494 1233 1534 Doricum
1269 1490 1404 1538 Ζανὸς
1435 1506 1519 1529 non

65 1570 230 1619 poterat
260 1563 571 1605 nominativum
612 1565 706 1611 Ζείς·
749 1562 935 1614 habere,
1000 1576 1132 1618 quare
1175 1561 1226 1600 «le
1265 1561 1342 1599 hae
1387 1559 1519 1598 forma

65 1629 189 1671 valde
220 1629 479 1671 dubitamus.

182 1697 334 1749 ἥρως.
415 1698 670 1739 Priscianus
692 1701 725 1745 2)
774 1697 902 1739 tradit
948 1697 1245 1754 Syracusanos
1291 1694 1401 1745 ἥρων
1445 1706 1519 1747 pro

68 1764 182 1817 ἥρως
213 1764 376 1805 dixisse
407 1767 602 1822 exemplo
634 1782 655 1806 e
688 1765 914 1822 Sophrone
945 1765 1100 1817 allato,
1148 1763 1222 1803 ubi
1264 1760 1368 1814 παρ’
1410 1758 1522 1809 ἡρώ-

67 1846 183 1871 νεσσι
230 1832 459 1888 legendum
506 1849 601 1874 esse
654 1833 836 1874 videtur.
927 1831 1199 1874 conserenda
1248 1836 1348 1869 sunt
1397 1833 1518 1873 αλως,

68 1898 200 1945 ταώς,
251 1898 415 1951 τυφώς,
466 1916 575 1956 quae
616 1900 658 1940 in
691 1901 858 1958 vulgari
891 1902 1040 1956 lingua
1074 1916 1148 1956 per
1178 1898 1369 1954 reliquos
1398 1909 1521 1935 casus

70 1984 88 2006 ν
119 1966 359 2020 asciscunt,
408 1967 496 2008 vid.
529 1968 692 2008 Buttm.
729 1968 803 2009 Gr.
839 1967 917 2007 Gr.
965 1975 1002 2015 ξ.
1036 1968 1089 2007 56
1134 1973 1220 2006 not.
1253 1966 1295 2006 9.
1374 1964 1521 2018 ltaque

68 2034 279 2090 plebejam
302 2033 670 2091 Syracusanorum
703 2035 1016 2089 elocutionem,
1051 2050 1159 2091 quae
1193 2033 1378 2084 ιζ’ρωιιος,
1411 2029 1522 2081 ἡρώ-

69 2117 185 2142 1νιέσσι
223 2102 504 2159 proferebat,
539 2103 849 2144 nominativum
891 2103 1003 2155 ἥρως
1042 2110 1230 2144 mutasse
1269 2115 1354 2139 nou
1386 2097 1523 2138 credi-

72 2183 181 2208 mus.
242 2168 415 2210 Deinde
455 2177 601 2211 notatu
644 2170 822 2227 dignum
864 2178 958 2223 est,
1007 2169 1122 2227 quod
1155 2169 1198 2208 in
1229 2167 1361 2207 Ther.
1395 2164 1520 2206 2448.

71 2235 140 2288 ΙΙ,
174 2235 213 2275 5.
250 2236 315 2277 14.
349 2237 402 2278 27
434 2238 578 2290 ἡρῴων
618 2254 713 2280 cum
754 2239 837 2279 iota
880 2238 1086 2295 seriptum
1127 2235 1338 2278 traditur,
1391 2231 1522 2272 §cmvi

117 2388 153 2423 2)
204 2386 386 2420 Priscian.
422 2387 438 2419 1
478 2398 510 2431 p.
538 2388 603 2421 265
629 2389 685 2421 Κι·
739 2388 800 2421 ubi
829 2388 875 2422 de
903 2386 1103 2421 Minonis
1131 2396 1197 2430 pro
1224 2381 1401 2417 Minois
1427 2379 1522 2424 apud

73 2444 284 2477 Sallustium
313 2444 348 2476 in
378 2444 412 2476 V
440 2444 694 2478 historiarum:
748 2445 1003 2490 „Syracusani
1039 2443 1132 2476 enim
1173 2443 1285 2474 heron
1325 2450 1391 2483 pro
1419 2438 1525 2470 heros

72 2500 208 2534 dicunt.
272 2502 334 2535 Sic
362 2501 536 2544 Sophron
564 2502 734 2535 Parenon
769 2515 836 2547 pro
876 2504 1040 2536 Parenos
1074 2500 1209 2533 dixit.“
1272 2496 1409 2529 Ultima
1443 2505 1525 2527 cor-

73 2558 283 2602 ruptissima
311 2559 344 2591 in
380 2559 593 2591 melioribus
630 2560 737 2593 libris
769 2561 823 2593 sic
858 2561 1052 2600 leguntur:
1101 2558 1180 2590 Erl.
1209 2557 1229 2589 2
1264 2563 1527 2596 παρηριιννσωίαν

73 2628 187 2658 ηροσι,
223 2616 354 2649 {jn-esd.
383 2618 403 2649 2
430 2617 909 2650 [IaPePoHeCcNoHePoCo
935 2627 1003 2649 etc.
1021 2643 1029 2657 ‚
1057 2615 1152 2647 unde
1180 2612 1360 2645 Kselilius
1387 2610 1421 2642 in
1450 2609 1524 2641 Ad-

75 2668 204 2702 dendls
231 2685 262 2714 p.
291 2675 357 2707 5¹3
384 2674 554 2715 conjicit:
594 2673 712 2717 ,,παρ’
742 2673 862 2719 ἣρωνσι
889 2684 962 2709 (ant
993 2672 1146 2716 ἧριιὶνεσιῖ
1176 2680 1256 2701 non
1286 2666 1428 2713 ἤρωσι.“
1481 2666 1525 2698 Α(

76 2723 198 2770 ἤρωνσι
224 2727 330 2760 nimis
357 2731 549 2763 barbarum
576 2740 690 2773 essem
738 2732 887 2773 longior
915 2730 1028 2763 dativi
1061 2730 1173 2760 soz-ma
1200 2725 1420 2767 geminatum
1447 2723 1525 2766 sig-

76 2793 132 2815 ma
160 2785 330 2826 postulat.

0 2869 13 3079 l
