1779 3079
246 194 346 242 206
781 195 858 256 De,
894 194 1154 243 vocalibus.

246 329 420 372 Deinde
475 329 623 371 eadem
667 329 850 386 genitivi
899 330 1032 372 forma
1077 339 1143 373 est
1188 330 1302 389 apud
1346 331 1693 377 Timocreontem

247 397 467 439 Rhodium
509 404 550 438 et
588 397 633 438 in
667 397 1018 451 Chelidonismo,
1066 414 1144 441 nec
1173 399 1316 441 minus
1346 399 1614 457 Megarensis
1644 417 1693 445 ea

248 466 382 506 utitur
412 465 456 505 in
487 465 872 520 Acharnensibus,
905 467 990 508 nisi
1023 467 1137 524 quod
1168 483 1206 508 v.
1239 467 1337 509 764.
1371 468 1455 511 800
1483 469 1528 510 in
1558 469 1694 511 omni-

247 533 330 574 hus
361 533 486 574 libris
515 536 573 573 τῶ
600 533 756 585 πατρός
785 549 881 576 esse
911 534 1080 577 videtur
1110 543 1151 576 et
1170 551 1210 576 v.
1234 535 1316 578 709
1345 551 1399 577 ex
1432 551 1518 577 uuo
1548 537 1695 594 pejore

247 600 395 643 codiee
426 605 467 641 Α
497 604 597 652 λιμῶ
626 610 844 659 receptum
876 610 941 644 est
984 603 1045 649 (in
1078 603 1324 659 nuperrima
1356 603 1544 646 editione
1576 604 1697 647 Oxo-

246 668 390 710 niensi
421 667 673 710 Dindorfius
718 669 842 710 ctiam
883 670 1005 727 plura
1047 671 1143 725 ejus
1181 671 1355 726 generis
1401 671 1512 713 male
1543 687 1565 712 e
1595 687 1695 714 con-

242 738 413 793 Jcctura
457 735 625 791 edidit).
701 738 752 778 In
793 737 966 779 foedere
998 738 1264 796 Argivorum
1306 746 1347 780 et
1388 738 1696 796 Spartanorum

247 804 446 861 Tbueyd.
479 804 537 853 V,
569 805 649 857 79,
698 804 814 861 quod
857 805 1069 846 mitiorem
1102 805 1308 847 Doridem
1340 807 1502 848 referre
1532 806 1695 848 indica-

246 873 415 926 vimus,
447 879 562 914 recte
593 872 743 929 Poppo
775 871 979 913 librorum
1012 872 1219 914 lectiones
1243 873 1561 915 Πελοποννάσου
1587 874 1694 925 (his)

247 949 289 982 et
320 941 441 981 ἄλλου
471 938 668 981 servavit.
739 938 874 981 Recte
905 939 1030 981 etiam
1062 939 1107 980 in
1136 940 1308 981 ficticiis
1340 941 1538 998 epistolis
1570 941 1695 984 Cleo-

246 1008 342 1050 buli
371 1007 523 1049 Lindii
555 1014 597 1048 et
625 1006 851 1048 Periandri
879 1006 1094 1049 Corinthii
1124 1008 1317 1064 vulgaris
1350 1007 1531 1065 genitivi
1561 1009 1697 1050 forma

250 1076 408 1133 scripta
437 1081 516 1117 est.

358 1143 403 1194 b)
461 1142 656 1185 Genitivi
710 1141 859 1184 tertiae
912 1143 1213 1186 declinationis
1258 1143 1303 1184 in
1348 1161 1418 1192 ους
1461 1144 1692 1202 leguntur:

248 1213 427 1260 Κλεοῦς,
461 1210 686 1265 Ἀριστοῦς
715 1210 875 1268 Delph.
911 1210 1034 1265 1705,
1067 1227 1102 1252 a.
1125 1212 1180 1264 b,
1212 1215 1432 1265 Συρακοῦς
1464 1228 1484 1252 a
1516 1210 1695 1264 Συρακώ

247 1278 404 1335 Epich.
440 1278 545 1332 166,
594 1277 693 1326 ἀοῦς·
731 1278 886 1335 Epich.
928 1279 998 1320 82.
1076 1279 1125 1320 ln
1165 1280 1304 1321 titulis
1345 1279 1606 1338 quibusdam
1643 1278 1697 1320 ad

248 1347 460 1389 mitiorem
498 1346 706 1388 Doridem
750 1340 1098 1404 pertinentibus,
1159 1347 1236 1389 sed
1281 1347 1402 1389 valde
1449 1346 1697 1388 recentibus

249 1414 430 1471 genitivi
459 1414 504 1456 in
537 1432 591 1463 ως
621 1422 827 1457 exeuntes
858 1414 1156 1471 reperiuntur,
1204 1423 1251 1456 ut
1280 1418 1539 1465 Καλλιστῶς,
1587 1429 1697 1472 quae

248 1499 375 1540 quam
405 1483 615 1525 rationem
645 1482 801 1524 habere
830 1482 1084 1537 videantur,
1131 1483 1239 1524 infra
1270 1483 1312 1536 ξ.
1345 1483 1425 1536 30,
1458 1485 1484 1525 8
1512 1483 1696 1540 explica·

247 1550 404 1592 bimus.

363 1620 403 1670 c)
462 1618 510 1659 In
552 1617 856 1675 conjugatione
898 1625 1114 1660 contracta
1143 1617 1362 1675 vulgarem
1393 1618 1602 1659 rationem
1633 1632 1697 1658 se-

249 1694 441 1745 quuntur
470 1687 599 1727 haec:
656 1687 805 1727 Herm.
841 1687 948 1728 1193
982 1685 1241 1735 ἀνανεοῦται,
1288 1686 1432 1727 Aetol.
1467 1686 1578 1728 3046
1608 1683 1698 1725 ἆνε-

248 1758 409 1796 νεοῦντο
443 1761 484 1795 ct
516 1753 677 1803 ἇξίουν,
710 1754 869 1812 Amph.
908 1753 1012 1796 1688
1044 1752 1318 1805 ζαμιούντων,
1353 1752 1495 1794 Rhod.
1520 1753 1647 1805 2525,
1668 1751 1696 1793 b

251 1821 559 1875 στεφανούντω,
611 1821 806 1879 Calymn.
840 1821 947 1864 2671
993 1821 1226 1873 ἀξιοῦντες,
1276 1820 1410 1862 Ther.
1443 1821 1570 1864 2448.
1615 1819 1695 1872 Vl,

249 1890 303 1931 36
348 1889 651 1941 ἀποκυροῦται,
707 1889 886 1946 Corcyr.
922 1889 1029 1931 1845
1061 1888 1317 1940 μισθυυμένα
1357 1896 1398 1929 et
1425 1886 1694 1940 μισθούσθω,

249 1959 440 1998 Acharn.
472 1957 556 1998 752
587 1958 903 2010 δελφακουμένα.
965 1956 1202 1997 Adversari
1231 1955 1400 1996 videtur
1427 1958 1631 2008 μαστιγῶν
1659 1971 1697 1994 τι

249 2027 315 2074 (ut
344 2024 611 2066 correximus
641 2040 719 2082 pro
749 2027 1009 2077 μαστιγῶντι)
1050 2022 1205 2079 Epich.
1244 2023 1295 2063 19
1336 2029 1376 2061 et
1407 2021 1516 2070 ἔδοξε
1551 2037 1699 2074 στεᾳα·
1767 2052 1770 2054 -

248 2095 351 2132 νῶν·
403 2092 549 2145 αἱρέθη
589 2091 746 2148 Αεῐῃ).
779 2092 916 2141 2483,
968 2090 1081 2147 quod
1123 2105 1208 2130 non
1240 2088 1421 2130 debebat
1451 2088 1696 2130 Boeckhins

249 2159 293 2200 in
327 2162 613 2212 στεᾳανῶσαι·
658 2161 788 2216 ᾖρὲθη
832 2166 1026 2205 mutare,
1084 2157 1140 2198 cf.
1181 2156 1222 2207 ξ.
1261 2158 1336 2207 19,
1367 2158 1408 2199 2.
1442 2157 1484 2197 b.
1561 2158 1620 2198 At
1659 2156 1697 2198 si
1765 2153 1770 2191 ἶ

248 2243 469 2284 compares
513 2230 695 2279 ozaeqams»
735 2227 778 2267 in
812 2225 1010 2282 Astypal.
1044 2224 1168 2266 2483.
1202 2225 1337 2273 2484,
1385 2225 1501 2280 quod
1529 2224 1695 2266 Boeck-

247 2295 347 2336 hius
378 2296 422 2336 in
453 2296 628 2353 vulgare
677 2294 873 2344 στεᾳανοῖ
911 2292 1109 2341 mutavit,
1161 2300 1201 2332 ct
1243 2292 1286 2332 in
1329 2291 1580 2333 Gelensium
1626 2292 1696 2333 de·

247 2371 385 2416 creto,
430 2363 612 2404 eundem
654 2361 814 2402 vocalis
857 2378 887 2399 ω
931 2376 1116 2401 amorem
1159 2360 1201 2400 iu
1244 2361 1310 2400 his
1341 2375 1575 2416 agnosces,
1619 2359 1696 2417 qui

247 2431 517 2489 conspicitur
562 2429 685 2472 etiam
733 2429 775 2469 in
824 2429 982 2469 Atticis
1033 2431 1150 2480 (usqi,
1210 2430 1355 2481 ῥιγῶν,
1404 2427 1490 2469 vid.
1534 2427 1694 2469 Buttm.

247 2498 324 2540 Gr.
359 2500 436 2540 Gr.
480 2499 638 2551 §.105
680 2505 765 2537 not.
803 2498 869 2537 ¹16.
947 2496 1044 2537 Nou
1077 2495 1282 2536 audemus
1314 2503 1427 2536 certe
1458 2494 1694 2553 quidquam
1762 2491 1766 2500 '¹

249 2574 425 2607 mutare.

359 2636 403 2684 d)
464 2633 712 2690 Composita
745 2648 792 2672 ov
822 2630 1027 2688 praebent
1059 2632 1185 2672 haee:
1219 2632 1483 2685 Ααμουχίὸας
1513 2628 1692 2686 Coreyr.

251 2702 382 2754 1850,
417 2701 663 2754 ὸάμιουργός
695 2699 842 2740 Herm.
882 2699 1016 2746 1193,
1049 2699 1269 2753 λιθουργός
1301 2700 1435 2740 Phoc.
1464 2698 1513 2738 71
1540 2697 1692 2751 nass„

246 2770 468 2821 inform-'fv
509 2769 639 2810 Ther.
686 2768 811 2809 2448.
862 2767 940 2812 lv.
972 2768 1039 2806 28.
1074 2767 1153 2810 31,
1198 2767 1457 2825 quibuscum
1500 2765 1694 2806 conseras
1760 2791 1765 2814 ·.

1760 2826 1766 2841 Q
