1779 3079
209 200 305 249 124
747 200 820 245 De
856 196 1114 245 vocalibus.

856 388 896 441 ἕ.
936 389 998 431 18.

474 501 552 531 Be
579 513 595 530 υ
622 499 751 539 apud
779 500 997 531 Lacones
1024 500 1073 530 in
1100 509 1139 529 01¹
1165 500 1367 529 unutatu.

321 598 416 641 Soli
458 596 736 639 Doriensium
780 595 973 636 Lacones
1024 608 1102 651 pro
1150 593 1287 634 vocali
1329 611 1350 633 υ
1407 593 1475 634 vel
1523 592 1651 649 longa

205 667 274 709 vel
303 666 422 708 brevi
450 666 709 707 Boeotorum
745 677 888 715 more,
920 661 1005 703 vid.
1032 661 1124 702 L.l
1155 660 1196 714 ξ.
1225 661 1305 713 38,
1338 661 1390 714 3,
1422 660 1649 718 diphthon-

205 750 308 790 gum
352 751 399 776 ου
446 732 725 789 scripserunt.
801 728 953 786 Neque
999 736 1137 770 tamen
1186 744 1235 769 ea
1273 728 1379 769 ratio
1423 727 1534 785 apud
1576 743 1650 769 an-

206 801 412 859 tiquiores
454 800 610 852 valuit,
667 813 796 854 quum
847 812 987 853 neque
1035 797 1078 837 in
1120 795 1344 837 Alcmanis
1391 796 1650 836 carminibus

208 885 348 927 neque
389 869 434 910 in
476 865 781 923 Aristophanis
824 863 1059 920 Lysistrata
1112 879 1251 919 neque
1305 863 1349 903 in
1398 863 1534 904 titulis
1581 879 1650 905 ve-

202 937 454 978 tustioribus
484 949 624 991 neque
663 933 776 989 apud
815 931 990 973 colonos
1020 931 1238 972 Laconum
1269 931 1527 971 Tarentinos
1565 930 1651 971 ulla

201 1003 397 1061 exempla
454 1001 736 1059 reperiantur.
836 998 1202 1056 Antiquissimum
1260 998 1353 1053 ejus
1415 997 1651 1055 scripturae

202 1071 430 1128 vestigium
473 1076 538 1111 est
580 1068 624 1109 in
663 1068 922 1117 ποὺστακος,
978 1066 1093 1123 quod
1134 1066 1471 1123 Aristophanem
1515 1081 1651 1123 gram-

201 1138 401 1179 maticum
447 1137 640 1178 attulisse
681 1135 926 1192 Hesychius
967 1133 1108 1175 tradit.
1182 1134 1331 1190 Itaque
1369 1133 1481 1191 apud
1520 1133 1651 1174 Laeo-

200 1222 278 1248 nes
307 1205 381 1247 illa
411 1203 628 1247 scribendi
657 1202 948 1256 consuetudo,
992 1216 1075 1259 qua
1113 1201 1272 1242 vocalis
1311 1201 1480 1258 priscus
1519 1216 1651 1242 sonus

200 1290 223 1316 a
260 1273 429 1330 vulgari
472 1271 820 1331 pronuntiatione
862 1270 1206 1323 discerneretur,
1250 1276 1363 1310 certe
1402 1284 1489 1310 non
1531 1269 1651 1326 prius

199 1340 382 1383 invaluit
423 1356 550 1398 quam
587 1339 701 1397 apud
730 1339 946 1392 Boeotos,
986 1337 1042 1379 ef.
1075 1352 1183 1394 quae
1214 1336 1523 1393 disputavimus
1555 1336 1648 1378 L.1

198 1409 241 1464 §.
274 1409 345 1450 41.
407 1407 610 1450 Ceterum
650 1408 700 1448 de
732 1406 944 1448 Laconica
983 1406 1062 1447 hae
1100 1404 1331 1445 mutatione
1362 1420 1415 1446 ne
1445 1420 1651 1461 gramma-

199 1477 382 1518 ticorum
412 1475 585 1532 quidem
625 1481 851 1532 praecepta
890 1479 1058 1526 extant,
1107 1471 1182 1513 sed
1219 1471 1358 1512 omnis
1396 1471 1586 1528 cognitio
1626 1488 1649 1514 e

199 1543 356 1601 glossis
399 1543 712 1600 aeresychio
759 1541 1027 1599 potissimum
1072 1539 1249 1581 servatis
1293 1539 1527 1580 haurienda
1567 1547 1646 1581 est.

197 1611 295 1653 Jam
323 1626 424 1653 vero
455 1626 587 1668 quum
619 1625 900 1668 quaecunque
931 1626 952 1648 υ
982 1608 1026 1648 in
1059 1624 1104 1648 ov
1133 1613 1339 1648 mutatum
1365 1607 1548 1661 habent,
1579 1615 1651 1649 aut

197 1679 400 1720 Boeotica
430 1685 502 1719 aut
532 1677 743 1718 Laconica
783 1693 876 1718 esse
915 1682 1132 1733 oporteat,
1179 1674 1548 1732 Hesychianarum
1579 1691 1649 1717 au-

196 1755 280 1789 tem
310 1746 549 1803 glossarum
580 1745 862 1802 paucissimae
894 1743 1122 1785 Boeoticae
1153 1742 1260 1795 sint,
1294 1742 1541 1784 innumerae
1567 1743 1648 1784 La-

198 1815 372 1856 conicae
403 1821 445 1855 et
474 1814 585 1855 inter
614 1813 710 1854 illas
740 1813 882 1871 ipsas,
914 1827 1020 1869 quas
1051 1827 1165 1852 nunc
1192 1817 1459 1866 spectamus,
1492 1810 1648 1851 multae

198 1882 454 1924 Laconicam
491 1882 700 1937 originem
748 1881 815 1923 vel
855 1879 1070 1921 indicibus
1101 1878 1254 1919 additis
1286 1877 1351 1917 vel
1381 1877 1508 1918 certis
1539 1877 1646 1918 indi·

197 1949 276 1990 ciis
305 1949 512 2006 prodant,
543 1949 731 2006 reliquas
763 1963 934 2005 quoque
967 1946 1114 1987 eodem
1145 1944 1401 1985 revocandas
1428 1960 1521 1985 esse
1552 1961 1646 2002 per-

197 2032 367 2058 suasum
398 2016 619 2056 habemus.
680 2015 973 2071 Reperiuntur
1004 2020 1141 2053 autem
1173 2013 1275 2052 haee
1306 2011 1525 2069 exempla:

309 2083 512 2137 ἇμούχα
567 2083 677 2139 (leg.
727 2077 995 2134 ἀμουσχρά),
1059 2079 1381 2133 καθαρεύουσα·
1441 2079 1646 2127 Αάκωιες

197 2152 387 2209 Hesych.
424 2151 480 2192 es.
514 2149 744 2204 άμυσχρόν,
779 2147 983 2202 καθαρόν.

311 2218 689 2271 ἅπαφουλίστω
704 2234 725 2270 (²
777 2217 903 2267 (sort.
955 2214 1316 2267 dozczqoae'offlrop)
1371 2215 1612 2267 σταᾳυλῖνος
1632 2227 1639 2235 ·

194 2276 408 2333 Αάκωρες.

307 2351 594 2407 γακούὁια,
629 2350 840 2402 ἡδύσματα
871 2357 911 2390 et
941 2351 1216 2402 γακοινιτιὲνης
1239 2352 1322 2403 (⁶2),
1356 2350 1641 2399 ἡδυποῑιστὴς.

198 2421 408 2463 Laconica
448 2436 529 2462 vox
572 2420 702 2472 γακύς
746 2434 824 2475 pro
868 2417 1033 2470 γλυκύς,
1092 2419 1191 2467 ἡδύς
1230 2426 1446 2475 praeterea
1491 2418 1533 2459 in
1577 2418 1643 2459 his

196 2489 353 2545 glossis
385 2487 671 2544 conspicitur:
717 2487 849 2540 γάκα,
888 2487 1012 2533 ᾐδέοις
1045 2486 1157 2532 (eod.
1191 2492 1322 2538 70³0«,
1370 2485 1485 2541 vulg.
1518 2486 1642 2538 γάηα)

196 2557 437 2609 -91ακεῖαι
484 2555 594 2603 (cod.
627 2555 837 2608 γαγειῗαι),
879 2555 1050 2605 γλυκιιῖαι
1086 2582 1131 2586 -——
1166 2553 1295 2606 ymni,
1340 2552 1438 2602 ἡδύ,
1480 2553 1637 2606 γλυκύς.

197 2649 245 2652 -’
280 2623 382 2677 γάλα
412 2624 516 2679 (leg.
549 2623 698 2676 γάκα),
733 2623 858 2670 ἡδὶ-’ως
889 2620 1021 2665 (Mus.
1059 2622 1166 2671 ἡδύ).

311 2693 568 2743 διᾳοῦρα,
600 2691 779 2742 γέφυρα·
816 2689 1024 2735 Λάκωνες.

310 2757 604 2809 .”κ[’)ἰυι”ζὲι,
639 2758 784 2811 θρηνεῖ
814 2755 909 2808 fatti
944 2759 1123 2808 κραυγῆς
1156 2758 1210 2796 cs.
1247 2756 1435 2807 ιῖβίυκιυς
1465 2762 1504 2795 et
1536 2761 1574 2808 ξ.
1599 2756 1639 2805 ἶ),
