1779 3079
506 185 546 244 ᾗ.
580 186 659 235 40.
730 188 805 234 De
837 187 986 235 verbo
1022 189 1119 248 εἰμί.
1432 189 1526 238 321

76 319 146 362 92.
178 319 249 361 94.
285 318 389 369 110,
423 318 691 377 Sophroncm
721 319 774 359 fr.
811 319 879 360 52.
909 318 988 372 54,
1023 319 1216 362 Timoer.
1240 320 1294 373 3,
1324 320 1525 378 Thucyd-

62 386 134 440 vV,
164 387 251 442 77,
298 403 425 445 saepe
465 387 578 445 apud
608 385 913 427 Archimedem
960 393 1001 426 ct
1044 386 1090 427 in
1120 387 1303 444 reliquis
1333 388 1527 430 fontibus

75 453 220 496 minus
257 454 393 512 puris.
453 454 554 496 Non
597 452 734 510 magis
779 469 907 511 quam
935 453 1128 509 reliquae
1158 455 1308 497 tertiae
1337 456 1526 512 plurales

76 521 123 562 in
155 539 214 562 υτι
244 528 451 564 exeuntes
487 540 506 562 ν
528 523 658 573 gazin.
690 519 844 561 tolerat
873 527 1168 578 praeterquam
1200 523 1312 579 apud
1334 523 1525 565 Pseudo-

74 589 400 646 Pythagorcos,
432 594 479 629 ut
510 587 632 630 Stob.
666 587 784 629 Flor.
818 588 868 640 Ι,
900 588 954 630 69
993 604 1037 645 p.
1072 589 1151 641 12,
1186 590 1263 640 12,
1308 590 1440 644 CIII,
1471 592 1525 633 27

73 673 118 714 p.
156 657 267 709 553,
298 658 354 699 48
393 663 471 698 etc.
546 655 680 712 Apud
710 655 1017 696 Archimedem
1058 655 1109 697 dc
1142 654 1324 698 Conoid.
1368 674 1411 715 p.
1443 659 1523 701 281

73 724 208 765 semel
235 723 339 764 ἔοντι
367 723 556 779 legitur,
598 723 669 764 his
701 722 839 772 ἔωυτι,
872 739 1003 780 quum
1036 722 1294 764 indicativus
1323 739 1522 766 necessa·

70 791 163 832 rius
209 791 280 833 sit.
356 791 553 833 Formam
584 790 712 840 ἔοιιτι,
762 807 871 849 quac
901 790 1028 831 etiam
1060 790 1105 831 in
1136 790 1218 832 isto
1251 790 1366 831 ἔωντι
1392 792 1524 834 latere

70 858 265 912 videtur,
298 858 565 900 confidenter
595 859 794 901 damnare
825 875 910 900 non
940 858 1161 899 audemus.
1225 857 1386 900 Contra
1416 876 1522 913 παρ-

71 926 173 967 εόντι
205 925 362 983 Epich.
398 927 479 969 117
508 926 749 969 certissime
779 927 1080 983 conjunctivus
1110 933 1189 967 est.

272 993 708 1049 Conjunctivus.

183 1060 281 1102 Sin
295 1077 337 1117 g.
369 1063 410 1103 3.
474 1059 499 1119 ᾗ
530 1062 718 1119 Lysistr.
754 1063 861 1113 174,
895 1061 1095 1117 Thucyd.
1131 1061 1189 1115 V,
1220 1062 1300 1115 70,
1345 1062 1518 1120 Anaph.

70 1129 92 1169 1
126 1128 211 1182 R.,
262 1126 289 1178 ἧ
326 1129 551 1172 Hermion.
596 1130 732 1182 1193,
787 1129 966 1184 Tegeat.
1001 1129 1057 1169 H.
1091 1129 1174 1183 L.,
1235 1129 1423 1187 Agrig.3
1480 1128 1525 1170 εἴ

68 1196 230 1254 Amph.
274 1197 408 1251 1688,
441 1197 497 1240 40
537 1204 578 1238 et
616 1196 790 1238 Heracl.
835 1197 881 1249 I,
916 1197 1022 1250 112,
1070 1196 1121 1238 de
1161 1213 1244 1255 qua
1284 1197 1521 1255 scripturae

37 1262 270 1306 :varietate
300 1263 387 1305 vid.
423 1264 465 1318 ξ.
500 1265 577 1318 36,
611 1265 651 1307 3.

182 1331 286 1373 Plu
299 1348 334 1372 r.
371 1333 409 1374 1.
472 1331 596 1384 ἔσιμεν
627 1332 744 1373 Cret.
778 1332 904 1374 3048.
937 1331 1074 1386 3052,
1107 1334 1226 1385 ἴωμεν
1258 1333 1375 1374 Cret.
1410 1333 1521 1375 3058

66 1398 154 1440 vid.
196 1399 238 1452 ξ.
269 1399 352 1452 26,
386 1401 435 1449 1,
484 1397 587 1453 οἷμες
624 1399 813 1441 Theocr.
853 1399 962 1454 XV,
996 1401 1039 1442 0.
1110 1400 1347 1459 Antiquior
1387 1400 1520 1442 Doris

13 1503 15 1506 .
67 1467 219 1524 procul
250 1467 381 1508 dubio
414 1468 538 1520 ἔωμες
568 1468 766 1509 hahebat.

180 1535 330 1577 Plur.
365 1536 405 1577 3.
468 1535 582 1576 ἔωντι
613 1535 754 1577 Rhod.
787 1535 897 1577 2525
918 1535 960 1576 b.
1003 1535 1082 1588 55,
1125 1536 1241 1577 Cret.
1274 1534 1411 1588 2554,
1447 1535 1517 1581 15.

67 1618 194 1660 saepe
223 1603 336 1661 apud
364 1603 698 1655 Archimedem,
744 1602 818 1643 uhi
851 1603 960 1644 male
992 1604 1108 1643 ἐῶντι.
1140 1602 1272 1644 scribi
1303 1603 1441 1655 solet,
1476 1611 1520 1643 ut

66 1671 118 1712 de
150 1671 278 1712 Plan.
312 1670 425 1727 Aeq.
459 1687 502 1727 p.
529 1671 570 1712 4.
604 1672 644 1713 5.
678 1671 704 1711 7
734 1678 841 1724 etc.3
875 1666 971 1710 οἷιιτι
1003 1670 1181 1727 Col-cyr.
1216 1671 1349 1723 1840,
1381 1670 1514 1712 Ther.

64 1739 192 1782 2448.
223 1737 282 1791 V,
319 1739 383 1779 12.
458 1738 590 1795 Apud
635 1737 938 1795 Epicharmum
980 1738 1032 1778 sr.
1069 1738 1149 1779 117
1186 1737 1286 1780 libri
1325 1737 1518 1791 παρέωντι

65 1821 143 1863 pro
172 1806 374 1859 παρέωντι
402 1805 624 1862 praebent.

179 1873 442 1930 Optativi
482 1872 606 1913 tertia
646 1873 883 1931 singularis
925 1875 982 1923 εἴη
1027 1872 1188 1931 legitur
1227 1872 1437 1926 Thcr.1‚
1473 1873 1514 1925 7,

65 1941 221 2000 Epich.
255 1942 325 1984 94.
352 1940 430 1990 95,
473 1940 659 1997 Lysistr.
698 1941 820 1983 1274.

261 2008 649 2066 Impcrativus.

177 2076 328 2132 Sing.
349 2077 391 2118 2.
439 2075 526 2117 ἔσο
558 2083 622 2117 ter
648 2075 692 2117 in
712 2076 837 2118 dictis
858 2076 1091 2118 Laconicis
1116 2074 1276 2133 legitur
1292 2075 1512 2117 Plutarch.

64 2144 208 2185 lnstit.
231 2143 393 2184 Lacon.
426 2144 596 2201 p.241,
629 2151 670 2184 ct
699 2144 744 2184 in
767 2145 1038 2202 Pythagorae
1068 2143 1180 2185 dicto
1211 2150 1396 2185 ceterum
1429 2158 1514 2184 non

64 2210 286 2253 Laconico
318 2209 436 2252 Stob.
470 2210 539 2251 Fl.
572 2211 622 2263 l,
657 2211 724 2253 19.
788 2211 1020 2270 Conspirat
1038 2211 1317 2253 Homericum
1347 2208 1440 2250 {im’
1473 2216 1515 2250 et

65 2278 330 2337 Sapphicum
355 2276 471 2318 ἔσσο.
516 2277 812 2320 Nihilominus
836 2280 1028 2336 paullum
1049 2279 1101 2320 dc
1124 2277 1321 2320 medialis
1353 2277 1514 2317 formae

62 2346 315 2405 antiquitate
340 2344 609 2398 dubitamus,
641 2346 728 2388 vid.
761 2346 875 2388 infra
898 2346 1101 2389 Addend.
1134 2345 1189 2387 ad
1218 2344 1273 2385 L.
1295 2343 1315 2384 I
1344 2359 1387 2400 p.
1411 2343 1510 2384 257.

174 2413 332 2469 Sing.
365 2413 404 2454 3.
467 2411 568 2452 ἔστω
600 2428 740 2470 saepe.

175 2481 327 2522 Plur.
361 2479 402 2521 3.
464 2478 585 2520 ἐόυτω
617 2479 795 2536 Corcyr.
831 2480 962 2534 1845,
996 2480 1158 2537 Delph.
1192 2477 1312 2520 1699.
1348 2476 1510 2518 1701—

65 2548 173 2591 1706
204 2555 246 2589 et
273 2548 323 2589 71
358 2546 412 2587 R.
432 2577 444 2599 ,
476 2546 609 2588 Phoe.
643 2547 698 2588 74
719 2547 804 2602 R.,
838 2547 983 2589 ἐόντων
1010 2548 1170 2603 Amph.
1194 2544 1325 2599 1688,
1358 2543 1512 2584 ἔσο-τω-

66 2631 140 2657 σαν
169 2616 305 2656 Phoc.
338 2614 390 2656 81
422 2613 507 2667 R.,
554 2614 671 2671 quod
716 2630 802 2655 non
842 2622 907 2655 est
936 2630 1036 2656 vere
1067 2613 1300 2664 Doricum,
1347 2610 1434 2653 vid.
1467 2610 1508 2663 ἓ.

63 2682 146 2735 35,
176 2683 217 2724 4.
292 2680 400 2722 Item
445 2680 628 2721 ἔστωσαν
671 2681 783 2738 apud
821 2682 1127 2723 Archimedem
1166 2681 1374 2736 frequens
1420 2685 1509 2731 est,

63 2749 292 2807 aliquoties
338 2757 478 2791 tamen
523 2748 635 2807 apud
677 2749 859 2791 eundem
902 2749 1029 2790 ἔστων
1070 2746 1310 2806 reperitur,
1369 2752 1416 2787 ut
1458 2745 1512 2786 de

116 2834 175 2876 11.
1192 2833 1243 2874 21
