1779 3079
111 217 155 277 §.
182 217 259 266 15.
322 216 396 264 De
418 216 523 265 aliis
555 215 919 265 consonantium
952 213 1380 278 conjunctionibus.
1457 217 1543 264 lll

1189 354 1207 363 υ

110 361 153 397 et
181 354 399 397 Creticum
429 360 494 395 est
523 352 658 394 εὑθέῖν
695 366 774 409 pro
805 352 936 392 ἐλθεῖν
974 351 1043 393 vid
1091 369 1155 396 nr.
1189 366 1228 395 z).
1305 352 1448 406 Quare
1478 370 1549 396 nc-

111 438 194 480 que
225 422 338 480 apud
369 421 669 479 Epicharmum
699 420 752 459 fr.
785 418 865 460 126
908 416 1033 468 ἦλθεν
1071 427 1112 461 et
1143 420 1352 475 ἀπῆλθεν,
1410 438 1549 479 neque

109 490 155 531 in
189 489 511 531 Chelidonismo
550 486 720 528 Rhodio
763 483 852 535 ἦλθ’
894 480 1025 541 ἦλθε,
1087 503 1225 544 neque
1265 489 1376 546 apud
1404 489 1549 530 Timo-

109 564 324 599 creontem
355 557 484 597 ἐλθεῖν
515 561 596 596 cte.
629 560 791 595 mutare
822 553 1041 595 audemus.
1122 554 1214 595 Hoc
1245 556 1358 596 enim
1389 564 1550 598 certum

107 631 198 678 est,
243 640 332 666 eam
371 621 648 664 mutationem
685 637 771 662 non
810 621 1007 662 omnibus
1038 621 1325 663 Doriensibus
1364 639 1549 666 commu-

106 707 206 733 nem
236 691 394 744 fuisse3
426 689 603 730 dubium
632 696 721 743 est,
752 704 855 730 num
885 689 997 746 apud
1027 689 1197 731 Siculos
1229 691 1438 732 constanti
1469 708 1550 733 usu

105 759 370 815 frequentata
402 756 470 798 sit.

219 826 263 875 5)
323 824 474 865 Cretes
504 828 524 865 λ
562 830 658 864 ante
690 831 919 882 sequentes
949 839 1159 866 consonas
1190 825 1234 866 in
1262 842 1284 864 v
1314 834 1547 879 mutarunt,

104 899 152 933 ut
179 892 334 933 docent
363 892 530 948 glossae
564 891 757 933 Creticae
788 892 1024 949 Hesychii:
1090 892 1277 947 αύκάν,
1325 893 1449 935 ἀλκάν
1495 918 1545 925 -—

105 959 161 1001 αὐ
173 977 195 1000 κ
207 958 229 1000 ὑ
243 977 263 1001 ο
277 978 296 1000 ν
309 977 332 1000 α
346 991 358 1013 ,
393 958 566 1000 ἀλκύονα
598 981 635 987 -·
677 978 702 1000 α
716 960 774 1012 {ipa
786 978 810 1000 α
840 959 975 1017 (vulg.
998 957 1124 1012 αὗμα)
1157 961 1257 1013 ἅλμη
1282 984 1334 992 —
1367 979 1390 1001 α
1405 957 1428 1000 ὖ
1439 977 1462 1001 σ
1474 978 1493 1002 ο
1510 978 1545 1009 ς,

104 1027 230 1075 ἄλσος
257 1052 308 1058 -—
342 1034 374 1068 θ
386 1044 402 1068 ε
415 1027 436 1067 ι’·
447 1045 470 1081 y
481 1043 498 1067 ε
513 1033 578 1068 σθ
592 1045 616 1068 α
629 1045 667 1077 ι,
696 1029 923 1081 &ssyen-&ac
952 1036 994 1069 et
1024 1028 1264 1070 simillimae
1280 1060 1291 1082 ‚
1323 1044 1431 1085 quae
1461 1028 1547 1070 dia-

102 1095 206 1137 lecti
242 1095 383 1136 indice
423 1102 592 1148 carent,
653 1094 855 1149 αύγεῖν,
903 1095 1030 1149 ἀλγεῖν
1067 1103 1109 1137 et
1148 1095 1351 1150 εὐθεῖν,
1399 1097 1545 1138 ἐλθεῖν.

103 1163 154 1204 In
183 1163 320 1204 titulis
353 1162 535 1204 Creticis
575 1163 742 1204 nullum
780 1162 909 1217 hujus
949 1163 1196 1205 mutationis
1226 1163 1454 1221 vestigium
1482 1180 1547 1206 rc-

99 1230 291 1288 peritur,
331 1245 470 1287 neque
504 1236 644 1271 tamen
675 1230 934 1288 quidquam,
974 1231 1089 1288 quod
1119 1238 1265 1272 contra
1298 1232 1353 1273 sit
1379 1239 1549 1290 praeter

97 1297 336 1340 Ἀθαναιάν
380 1299 620 1349 Σαλμωνίαν
659 1314 726 1339 nr.
758 1297 894 1353 25553
944 1299 1281 1354 promontorium
1323 1299 1541 1340 Creticum

99 1381 125 1408 a
153 1364 434 1423 scriptoribus
464 1364 588 1405 modo
618 1365 858 1417 Σαλμώνιον
889 1366 1015 1407 modo
1044 1366 1259 1420 Σαμώνιον
1288 1366 1543 1424 appellatur,

97 1433 184 1477 vid.
219 1432 384 1474 Hoeck.
420 1432 535 1473 Cret.
570 1433 589 1474 Ι
619 1449 663 1490 Ρ.
695 1434 792 1475 427.

213 1501 257 1552 6)
317 1499 460 1541 Simili
496 1500 621 1542 modo
659 1516 900 1542 consonans
940 1500 984 1541 in
1014 1501 1203 1543 vocalem
1234 1502 1337 1545 abiit
1366 1503 1410 1544 in
1442 1503 1544 1545 Cre-

99 1569 184 1611 tico
215 1570 380 1621 πρεῖγυς
408 1584 487 1624 pro
518 1569 713 1621 πρέσβυς.
784 1567 893 1609 Nam
924 1568 998 1609 alii
1028 1568 1307 1611 Doriensium
1346 1570 1546 1612 dixerunt

98 1638 274 1691 πρέσγυς
294 1638 328 1686 ⁴¹)
351 1636 425 1680 (cf.
444 1636 536 1676 Lat.
563 1635 821 1692 priscus),
857 1636 971 1677 unde
992 1643 1033 1677 et
1053 1652 1129 1694 per
1148 1638 1400 1679 metathesin
1420 1640 1546 1692 σπέρ-

99 1722 172 1758 γυς
200 1704 357 1744 factum
387 1710 451 1743 est
479 1710 521 1743 et
551 1702 663 1760 apud
695 1703 924 1745 Cretenses
954 1705 1140 1760 πρεῖγυς,
1193 1704 1316 1760 cujus
1357 1705 1543 1748 derivata

102 1771 149 1813 in
179 1770 315 1812 titulis
344 1771 447 1810 haec
478 1769 703 1826 leguntur:
760 1774 992 1825 πρείγιστος
1030 1787 1096 1812 nr.
1129 1771 1262 1825 2554,
1294 1772 1347 1814 59
1379 1773 1543 1827 (πρήγι-

99 1856 194 1887 στος
225 1838 270 1879 in
301 1837 424 1878 titulo
454 1838 574 1879 valde
604 1838 766 1879 recenti
797 1854 863 1879 nr.
882 1838 1037 1894 2562),
1070 1839 1259 1893 πρειγήϊα
1291 1847 1331 1881 et
1359 1843 1542 1894 πρείγεια

96 1923 164 1948 nr.
196 1906 333 1959 2556,
364 1906 595 1958 πρειγευταί
624 1905 748 1948 3050.
781 1906 902 1949 3051.
936 1906 1060 1949 3058.
1122 1907 1173 1948 ln
1203 1907 1382 1965 reliquis
1413 1908 1541 1964 Tejo-

97 1973 279 2016 Creticis
319 1979 383 2014 cst
422 1974 687 2026 npmssmal,
745 1973 955 2015 incertum
996 1990 1046 2016 an
1088 1973 1366 2031 lapicidarum
1399 1977 1538 2033 culpa.

95 2041 213 2082 Idem
244 2047 308 2082 est
335 2040 380 2081 in
410 2040 559 2081 Herm.
595 2041 701 2083 1193
720 2073 732 2094 ,
766 2042 961 2096 πρεσβεές
992 2041 1036 2082 in
1066 2042 1254 2099 Agrig.‚
1284 2049 1419 2098 πρεσβ
1447 2075 1456 2085 .
1489 2077 1497 2085 .
1527 2076 1538 2086 .

94 2107 140 2149 in
170 2124 236 2148 nr.
268 2107 393 2150 2670.
1341 2162 1344 2165 ,

209 2174 379 2216 Siculos
408 2194 428 2216 ν
457 2175 501 2216 in
534 2194 547 2216 ι
577 2183 738 2217 mutare
770 2176 1033 2232 grammatici
1063 2177 1234 2219 tradunt
1267 2179 1369 2229 (vid.
1401 2179 1442 2233 ξ.
1469 2180 1540 2233 14)

95 2241 139 2284 id
170 2242 285 2299 quod
315 2258 367 2282 ex
396 2243 522 2284 unica
552 2259 655 2285 voce
687 2245 794 2284 ἕνδοῖ
821 2260 898 2301 pro
919 2244 1030 2285 ἔνδον
1051 2245 1345 2302 collegerunt,
1377 2247 1428 2289 de
1455 2263 1538 2305 qua

94 2309 284 2351 dicemus
315 2307 354 2366 ξ.
386 2311 454 2352 44.
524 2311 728 2352 Alienum
759 2318 823 2352 est
852 2328 875 2352 a
904 2311 1067 2354 Doride
1096 2330 1146 2354 vo
1174 2314 1382 2357 Lesbiaco
1421 2330 1538 2356 more

95 2376 141 2418 in
172 2394 209 2424 ις
238 2384 441 2417 mutatum
471 2377 574 2427 (vid.
606 2379 657 2420 L.
682 2379 701 2419 I
732 2378 901 2434 §.10)3
944 2396 1041 2421 nam
1072 2381 1180 2423 male
1211 2381 1343 2439 Greg.
1380 2382 1430 2424 C.
1453 2382 1538 2425 246

93 2445 218 2496 μοῖσα
247 2443 454 2485 Doricum
487 2445 615 2499 dicit,
647 2446 838 2487 Eustath.
865 2447 998 2500 1913,
1029 2448 1083 2490 32
1111 2449 1238 2500 μοῖσα
1268 2457 1310 2490 et
1338 2448 1536 2490 τύπτοισα

137 2594 174 2635 4)
222 2593 404 2629 Choerob.
441 2595 563 2630 Bekk.
603 2600 701 2633 1413.
750 2602 897 2646 πρέσβυς
932 2621 972 2626 -
1012 2600 1111 2648 παρὰ
1145 2605 1216 2639 τοῖς
1246 2602 1410 2649 Δωριεῦσι
1446 2602 1534 2636 κατὰ

92 2660 223 2706 τροπὴν
246 2665 308 2695 τοῦ
332 2652 361 2704 ’ᾖ
382 2661 424 2700 εἷς
448 2663 487 2696 τὸ
511 2666 531 2709 73
566 2666 696 2711 εἴρηται
721 2670 864 2714 πρέσγυς
886 2670 1061 2714 πρέσγῑός.
1104 2688 1133 2692 --
1199 2670 1258 2704 Et.
1286 2670 1337 2705 M.
1365 2672 1448 2713 723,
1477 2674 1530 2707 17.

93 2728 234 2772 σπέργυς
268 2731 367 2776 παρὰ
402 2730 441 2764 τὸ
476 2735 640 2778 πρέσβυς,
688 2739 800 2783 τροπῇ
832 2740 894 2770 τοῦ
921 2728 952 2780 ᾗ
978 2737 1021 2775 εἷς
1045 2740 1067 2783 77
1101 2739 1244 2783 npt'oyzrc
1268 2740 1322 2772 καὶ
1350 2736 1531 2787 ὑπερθέσει

91 2786 243 2831 σπέργυς.
293 2790 371 2835 περὶ
397 2790 535 2828 παθῶν,
562 2812 602 2816 —-
653 2793 814 2838 Hesych.
842 2796 1004 2841 σπέργυς,
1030 2797 1186 2841 πρέσβυς.
