1779 3079
249 223 314 271 30
715 223 760 283 §.
799 224 843 272 3.
912 225 988 272 De
1023 233 1242 274 accentu.

250 377 336 421 quo
368 361 478 404 nihil
508 361 621 420 apud
654 361 852 420 antiquos
882 367 1158 419 praeceptum
1187 360 1456 419 reperimus,
1509 361 1595 404 uisi
1623 361 1705 405 cir-

249 430 508 473 cumflexum
550 429 723 470 ultimae
764 429 810 471 in
842 438 1012 471 acutum
1042 428 1278 484 transisse,
1331 436 1380 472 ut
1408 429 1507 483 ἆμὲς
1523 451 1547 481 ,··
1574 431 1703 483 ἰ’νοέν,

249 500 366 547 ποιές
394 514 473 556 pro
493 498 626 550 ἡμεῖς,
657 499 777 547 νοεῖν,
809 499 941 546 ποιεῖς
973 497 1078 539 (vid.
1103 498 1143 550 ξ.
1168 498 1219 539 21
1253 505 1342 539 not.
1367 498 1394 540 7
1414 505 1456 539 et
1475 498 1538 547 9).
1582 497 1707 552 ‘Quid

247 582 376 620 vero,
423 565 496 606 ubi
536 566 735 622 vulgares
773 566 935 607 formae
976 573 1146 607 acutum
1176 565 1220 606 in
1252 566 1488 623 penultima
1514 565 1706 607 hahent?

247 635 444 677 Primum
483 633 527 675 in
565 634 808 675 accusativo
846 634 1026 691 pluralis
1067 635 1230 692 primae
1260 633 1562 676 declinationis
1591 633 1707 676 codi-

246 718 318 745 ces
349 710 392 744 et
418 701 628 743 editiones
660 709 881 743 accentum
911 702 1163 744 nominativi
1196 701 1352 743 imitari
1383 702 1527 743 solent
1554 709 1602 743 ut
1627 704 1706 743 πᾶ-

248 787 325 819 σας
353 770 539 812 Theocr.
573 770 620 823 Ι,
648 771 717 812 83.
751 769 834 823 lv,
868 771 919 824 3,
943 770 1160 822 “Atym-mg
1189 769 1370 811 Ilcsiod.
1403 770 1572 827 Theog.
1605 769 1705 820 267,

247 846 295 880 ut
321 837 593 879 Gaisfordius
625 853 646 878 e
668 837 791 878 libris
822 837 1045 894 rescripsit
1064 854 1142 895 pro
1160 839 1370 893 ’Λρπυιάς
1390 838 1461 880 vel
1476 839 1705 891 ‘Apnvfaffi

245 906 362 964 quod
391 905 544 947 Rcizio
570 905 752 959 jubente
782 905 990 962 scriptum
1021 912 1136 959 crat,
1188 907 1245 946 cf.
1277 909 1459 960 πᾶσαι,
1483 907 1704 959 ΖίΙρτιυῖαι,

245 982 286 1016 ct
316 973 456 1015 sicubi
487 972 587 1013 libri
621 979 792 1013 acutum
822 972 866 1013 iu
897 973 1136 1030 penultima
1165 981 1415 1027 servarunt,
1460 981 1509 1014 ut
1535 976 1708 1029 3101'959

240 1042 428 1084 Tbeocr.
451 1041 531 1094 Π,-
559 1040 665 1093 160,
696 1042 925 1094 τρωγοίσᾶς
954 1039 1037 1095 ΙΧ,
1070 1041 1136 1095 11,
1169 1057 1313 1083 errore
1331 1041 1375 1082 id
1395 1041 1554 1083 factum
1579 1042 1706 1084 facile

242 1107 570 1151 existimaveris.
605 1109 655 1149 ln
682 1109 924 1150 accusativo
945 1109 1247 1151 declinationis
1267 1110 1480 1152 secundae
1503 1117 1706 1153 accentus

241 1194 264 1218 a
295 1177 531 1235 penultima
562 1192 648 1228 non
681 1177 937 1231 retrahitur,
968 1185 1016 1218 ut
1035 1178 1167 1219 Pind.
1192 1178 1264 1219 Ol.
1297 1178 1334 1232 Ι,
1365 1179 1420 1220 43
1451 1178 1706 1233 κακαγόρος,

239 1245 428 1287 Theocr.
454 1244 536 1298 IV,
571 1246 666 1288 109.
692 1247 785 1287 11⁵2.
812 1246 893 1288 ’114
925 1245 1123 1298 cium-¹203,
1160 1246 1435 1298 ὃασυκέρκος,
1470 1245 1704 1301 κανθάρος,

240 1313 317 1355 sed
346 1313 420 1354 uhi
451 1313 577 1367 licet,
609 1313 654 1354 in
686 1314 1009 1356 circumflexum
1039 1321 1247 1363 mutatur,
1290 1320 1338 1354 ut
1365 1317 1493 1362 νᾶσος
1521 1329 1600 1372 pro
1631 1313 1708 1364 νή-

242 1397 342 1430 σους
369 1381 500 1423 Pind.
537 1381 609 1422 01.
644 1382 686 1423 Il
705 1413 716 1435 ‚
750 1382 819 1424 78.
890 1382 941 1423 Iu
970 1381 1245 1423 nominativis
1275 1382 1424 1424 tertiae
1456 1381 1706 1424 declinatio·

241 1449 310 1490 uis
340 1450 480 1491 rarius
511 1456 690 1508 propter
726 1449 900 1491 ultimae
942 1450 1257 1507 correptionem
1288 1458 1489 1492 accentus
1519 1457 1706 1492 mutatus

241 1517 481 1575 reperitur,
514 1517 562 1558 ut
590 1517 777 1572 πρᾶξας,
809 1521 949 1570 τιμῆες
978 1534 1057 1576 pro
1088 1518 1243 1570 τιμήεις
1271 1518 1358 1560 vid.
1393 1518 1434 1571 ξ.
1458 1519 1509 1561 21
1542 1525 1633 1560 not.
1660 1518 1702 1561 2.

241 1585 403 1627 Contra
426 1586 469 1626 in
493 1586 682 1627 secunda
703 1602 886 1643 persona
916 1588 962 1634 f}
992 1587 1034 1628 in
1065 1588 1100 1635 ἒξ
1129 1594 1170 1628 ct
1193 1587 1238 1627 iu
1260 1586 1487 1629 infinitivis
1518 1587 1570 1630 ἶῖἶ
1596 1587 1643 1629 in
1673 1587 1707 1631 ἶῖ

240 1654 576 1713 corripientibus
614 1670 786 1712 semper
816 1655 905 1696 scre
936 1655 1038 1696 libri
1071 1664 1244 1697 acutum
1275 1655 1320 1696 iu
1350 1655 1588 1713 penultima
1617 1671 1706 1698 ser-

237 1731 364 1775 vant,
402 1728 464 1762 *ut
505 1724 696 1778 ‹xz-plodeg
724 1723 911 1764 Theocr.
955 1724 1001 1777 1,
1035 1724 1084 1777 3,
1139 1724 1297 1779 ἔρι’σὸεν
1336 1723 1418 1778 IV,
1450 1723 1503 1778 8,
1550 1723 1706 1765 Suebae„

239 1790 300 1844 V,
336 1791 413 1843 10,
444 1805 690 1848 quanquam
719 1790 967 1832 Meinclzius
999 1808 1095 1833 cum
1121 1790 1299 1833 Reislaio
1330 1792 1485 1832 ἐνεῦδεν
1512 1791 1701 1849 scripsit.

239 1858 429 1899 Tantum
482 1858 527 1898 in
585 1858 818 1902 simillimis
871 1860 999 1900 rebus
1050 1860 1186 1917 ipsam
1225 1859 1453 1899 dialectum
1498 1859 1702 1913 variasse,

241 1926 359 1967 credi
391 1941 478 1967 uon
510 1933 678 1982 potest,
711 1942 820 1984 quae
851 1934 922 1967 aut
951 1927 1132 1968 debebat
1162 1942 1381 1983 nunquam
1412 1933 1576 1967 mutare
1608 1943 1703 1967 acu·

238 2000 327 2034 tum
358 1993 648 2050 penultimae,
691 2001 763 2034 aut
793 2010 890 2035 eum
921 2001 1142 2035 accentuum
1175 2010 1418 2047 assumere,
1473 2009 1602 2051 quem
1632 2010 1703 2045 cq-

241 2069 393 2118 gnatac
425 2061 585 2101 formae
618 2061 661 2101 in
692 2061 844 2102 breves
876 2062 1061 2118 syllabas
1094 2069 1298 2102 excuntes
1326 2062 1509 2114 babent,
1542 2069 1614 2102 aut
1636 2079 1704 2105 ac-

241 2136 413 2171 centum
444 2128 503 2169 ita
533 2128 578 2169 iu
610 2129 846 2185 penultima
877 2129 1150 2186 relinquere,
1197 2136 1244 2170 ut
1286 2129 1330 2170 in
1363 2130 1490 2185 longa
1522 2130 1701 2172 circum÷

238 2198 376 2238 flexus
406 2197 555 2247 fieret,
598 2197 674 2237 sed
707 2212 837 2237 unum
870 2214 923 2238 ex
954 2197 1019 2237 his
1052 2213 1147 2237 cum
1183 2198 1435 2238 constantia.
1512 2198 1701 2240 Librarii

239 2269 381 2306 autem
412 2264 525 2305 inter
555 2270 640 2304 tres
671 2264 766 2305 illas
797 2265 982 2305 rationes
1015 2265 1167 2306 incerti
1199 2267 1461 2306 fluctuarunt
1491 2273 1531 2307 et
1564 2265 1607 2306 id
1626 2281 1701 2324 po-

238 2333 455 2374 tissimum
495 2331 724 2372 eonsilium
766 2333 936 2390 sequuti
977 2341 1103 2385 sunt,
1164 2334 1279 2390 quod
1320 2333 1492 2391 probari
1531 2332 1698 2390 nequit,

242 2408 288 2442 ut
321 2399 493 2441 ultimae
525 2399 738 2456 correptio
771 2408 1008 2457 appareret.
1087 2402 1262 2458 Itaque,
1295 2401 1367 2442 ubi
1398 2401 1549 2442 breves
1579 2399 1699 2444 voca*-

241 2468 304 2509 lcs
336 2467 381 2508 in
414 2466 560 2508 ultima
592 2475 736 2520 erant,
770 2468 987 2523 vulgarem
1019 2477 1239 2510 accentum
1263 2468 1448 2510 retinere
1469 2468 1698 2525 malebant,

241 2543 287 2576 ut
319 2535 523 2589 &51:15203,
558 2535 737 2587 ἐνεύδειν,
772 2538 984 2588 σιρίσὸὶς,
1027 2552 1122 2576 nain
1155 2536 1455 2578 circumflexus
1487 2536 1532 2577 iu
1562 2539 1700 2589 τιμῆες

238 2605 418 2645 sortasse
450 2603 647 2644 Bcklaero
679 2602 831 2643 editori
863 2604 1042 2644 debetur
1080 2611 1122 2645 ct
1163 2620 1239 2661 pro
1282 2607 1408 2652 ιἰἶσυς
1447 2604 1562 2662 apud
1590 2603 1698 2653 Pin?

238 2672 385 2712 darum
432 2671 486 2712 in'
520 2671 631 2711 bono
664 2670 773 2710 libro
805 2678 869 2711 cst
903 2671 1041 2719 ιἰἑσυς.
1113 2672 1303 2725 Contra,
1353 2672 1424 2713 ubi
1464 2673 1506 2714 in
1549 2671 1697 2722 ultim!v

238 2749 302 2780 cst
332 2755 488 2796 anceps
521 2757 571 2790 α,
623 2747 842 2779 accentum
875 2747 1066 2788 mutant,
1115 2739 1293 2780 :inaximc
1325 2739 1367 2779 in
1399 2739 1534 2796 prima
1565 2737 1695 2780 decli,

237 2807 423 2847 natione.
525 2805 621 2847 Jam
668 2823 775 2863 quae
822 2806 958 2864 ipsius
1003 2807 1179 2848 Doridis
1225 2806 1268 2847 in
1317 2806 1384 2847 his
1430 2804 1693 2848 cousuetudo
1741 2816 1747 2838 ¹
