1779 3079
206 182 307 231 226
707 181 781 225 De
818 177 1149 225 declinatione.

210 314 369 357 Dorica
401 312 559 355 dicitur
580 315 642 366 5),
676 328 755 354 nec
786 313 931 355 minus
962 313 1109 355 Ionica
1140 328 1216 351 εων
1237 314 1286 361 ⁶).
1347 309 1553 366 vulgaris
1585 317 1664 351 ter-

210 382 390 425 minatio
422 380 761 423 describentium
792 381 899 423 vitio
938 382 983 422 in
1024 379 1164 422 titulis
1195 377 1535 435 corruptioribus
1567 377 1663 419 sub-

212 450 312 491 inde
341 449 525 506 legitur,
555 457 601 490 ut
633 447 811 506 Corcyr.
839 449 1022 500 1845,1).
1054 448 1107 490 35
1138 450 1352 501 τεχνιτῶν,
1384 461 1515 504 quum
1547 447 1576 488 Ι.
1598 446 1662 488 16,

210 520 262 559 41
305 525 421 560 recte
461 516 518 558 sit
555 520 759 571 τεχνιτᾶν,
811 518 962 559 Herm.
1000 517 1134 568 1193,
1165 515 1221 557 20
1261 515 1463 567 ἑκατέρων
1501 515 1665 562 πολίων,

211 586 327 643 quod
369 584 615 627 Boeclzhius
659 601 743 627 non
786 585 967 626 debebat
1006 585 1279 642 relinquere,
1349 582 1511 625 Lacon.
1560 579 1668 622 1334

213 656 515 708 Γερονθρατῶυ
545 653 599 694 ab
630 654 778 695 eodem
810 661 1022 695 retentum
1053 662 1135 694 ete.

324 721 562 763 Dativus
599 721 850 777 pluralis
891 722 936 762 in
977 721 1116 763 titulis
1149 719 1349 762 omnihus
1381 718 1551 776 vulg-ari
1583 725 1671 759 ter-

213 789 447 832 minatione
479 806 546 837 αις
575 789 726 829 utitur.
789 788 988 846 Longior
1017 789 1151 829 forma
1178 790 1312 828 ταῖσιν
1339 787 1562 843 legebatur
1581 786 1669 842 Ly-

213 858 329 899 sistr.
360 857 493 909 1268,
528 857 601 898 ubi
631 872 747 898 nunc
777 858 867 904 ταῖς
897 856 1100 913 scriptum
1133 862 1211 896 est.
1275 854 1373 895 'Non
1404 854 1668 906 dubitamus,

213 925 320 984 quin
354 925 481 969 etiam
505 924 765 981 Epicharmo
796 924 870 966 illa
902 924 966 966 uti
996 923 1194 973 licuerit,
1227 930 1273 963 ut
1302 922 1435 963 simili
1468 921 1671 963 termina-

212 995 329 1036 tione
361 994 404 1035 in
436 991 725 1034 declinatione
757 992 961 1034 secunda,

324 1059 705 1102 Accusativus
746 1060 995 1118 pluralis
1037 1061 1289 1117 plerumque
1333 1060 1552 1116 vulgarem
1584 1059 1672 1099 for-

214 1145 323 1172 mam
357 1137 500 1182 tenet3
546 1143 648 1186 pars
678 1128 959 1170 Doriensium
1001 1129 1195 1170 ultimam
1226 1127 1511 1185 corripiebat,
1557 1126 1672 1184 quod

215 1197 328 1238 idem
362 1196 565 1238 omnihus
595 1196 737 1253 posstis
770 1196 946 1238 Doricis
976 1197 1155 1238 licuisse
1187 1197 1387 1247 videtur,
1419 1196 1505 1237 vid.
1539 1196 1671 1248 §.21‚

214 1265 266 1319 13
312 1280 411 1322 pars
443 1262 715 1306 Cretensium
759 1271 800 1306 ct
838 1265 1132 1323 antiquiores,
1179 1271 1226 1306 ut
1255 1264 1450 1317 videtur,
1495 1263 1672 1322 Argivi,

213 1332 561 1390 antiquissimam
593 1332 941 1374 terminationem
968 1351 1038 1381 avg
1058 1333 1339 1385 retinuerant,
1372 1332 1460 1374 vid.
1482 1334 1521 1385 ἕ.
1540 1333 1611 1384 14,
1633 1332 1670 1372 1.

326 1402 372 1447 4)
433 1400 685 1458 Composita
725 1416 823 1442 cum
869 1401 993 1455 λαός,
1053 1401 1169 1458 qnod
1200 1400 1361 1441 Dorice
1393 1400 1435 1440 in
1468 1405 1540 1447 λας
1572 1414 1673 1440 con-

216 1469 397 1511 trahitur
426 1467 533 1523 (vid.
566 1469 607 1521 ξ.
639 1469 711 1522 24,
733 1467 807 1525 6),
840 1469 1020 1526 primam
1052 1469 1384 1510 declinationem
1417 1475 1672 1525 sequuntur,

215 1546 261 1579 ut
293 1537 405 1578 Gen.
438 1535 666 1589 ’Λρκεσίλα
694 1537 848 1594 Argiv.
887 1537 938 1578 C.
976 1537 1009 1578 I.
1054 1553 1117 1579 nr.
1153 1538 1205 1588 2,
1247 1535 1475 1588 Ἀριστὸλα
1506 1535 1670 1576 Lacon.

217 1606 352 1655 1457,
412 1604 513 1645 Dat.
554 1604 664 1657 Ἰόλᾳ
706 1605 838 1647 Pind.
885 1605 978 1659 ΙΙΙ,
1021 1605 1100 1658 36,
1160 1605 1324 1655 ,Μενέλᾳ
1367 1603 1423 1645 N.
1456 1601 1570 1655 Vll,
1601 1601 1672 1648 28,

216 1675 376 1714 Aecus.
409 1671 660 1725 Ἀρκεσίλαν
690 1673 891 1731 Astypal.
925 1674 1067 1720 2483,
1119 1674 1228 1714 voe.
1268 1673 1508 1726 119‹·›r‹‘m'2'.u
1543 1669 1669 1711 Pind.

218 1742 365 1783 lstlnn.
401 1741 446 1794 Ι,
482 1740 551 1782 58.

864 1888 905 1939 §-
946 1888 1015 1929 29.

667 1990 748 2021 lle
778 1989 1119 2020 declinatione
1144 1987 1215 2018 11.

337 2087 373 2137 l)
447 2085 657 2143 Vulgaris
703 2084 836 2125 Doris
883 2084 925 2125 in
971 2086 1048 2126 hac
1094 2083 1384 2125 declinatione
1430 2084 1482 2125 ab
1530 2084 1675 2126 Attica

218 2155 401 2197 dialecto
434 2153 544 2195 nihil
583 2153 739 2195 diflert.
819 2152 1020 2193 Severior
1050 2151 1184 2193 Doris
1211 2152 1450 2208 genitivum
1484 2152 1674 2210 siugula-

217 2239 305 2265 rem
340 2223 382 2264 in
416 2239 445 2261 ω
478 2222 704 2273 terminat,
746 2220 833 2261 vid.
867 2223 907 2271 ξ.
941 2220 1022 2269 25,
1055 2220 1103 2265 3,
1146 2228 1187 2261 et
1220 2220 1472 2277 plerumque
1503 2236 1674 2262 accusa·

218 2290 353 2332 tivum
383 2289 593 2346 pluralem
625 2289 963 2329 masculinorum
994 2295 1034 2328 ct
1065 2288 1371 2329 femininorum
1405 2288 1447 2328 in
1482 2306 1551 2337 ως,
1585 2287 1672 2329 vid.

218 2360 258 2412 ξ.
292 2358 373 2408 20,
406 2358 446 2398 2.
481 2357 522 2397 d.
593 2356 712 2398 Idem
745 2356 787 2396 in
820 2355 1042 2396 nonnullis
1073 2356 1140 2396 vel
1174 2356 1404 2398 severioris
1435 2357 1502 2398 vel
1534 2356 1672 2398 mitio-

218 2425 278 2467 ris
311 2424 489 2466 Doridis
517 2424 751 2481 generibus
791 2422 833 2463 in
876 2441 921 2470 ος
952 2423 1207 2480 corripitur,
1256 2424 1342 2465 vid.
1379 2423 1419 2477 ξ.
1454 2425 1535 2476 21,
1570 2425 1588 2465 1
1633 2430 1674 2464 ct

265 2592 300 2631 5)
352 2590 408 2623 Et.
446 2590 495 2622 Μ.
531 2590 594 2630 40,
630 2590 672 2622 52
703 2589 861 2632 Δωρικῶς
894 2586 1116 2630 αἰχμητάων,
1166 2591 1211 2620 cl.
1249 2589 1306 2621 Et.
1343 2588 1387 2621 G.
1421 2590 1501 2625 317,
1534 2589 1589 2621 60.
1632 2606 1667 2611 -

223 2649 313 2680 Anu.
341 2649 439 2680 Oxx.
468 2647 505 2686 1,
532 2647 617 2685 278,
650 2649 685 2679 Ι7
715 2645 935 2678 Laconicum
963 2646 1103 2678 dicitur
1128 2645 1289 2684 μωσοὶων,
1317 2656 1414 2679 corr.
1441 2647 1566 2683 μιιισᾶν,

265 2707 300 2743 ϋ)
351 2705 407 2737 Et.
433 2705 479 2737 M.
509 2706 565 2744 40,
593 2706 637 2738 59
666 2723 700 2729 —
731 2705 810 2739 507,
842 2704 878 2736 Η
908 2721 947 2726 -
977 2706 1056 2741 577,
1084 2705 1149 2743 Η,
1176 2704 1233 2738 En.
1256 2704 1299 2736 G
1321 2704 1377 2739 23,
1403 2705 1447 2737 :36
1474 2723 1506 2728 —
1540 2704 1620 2742 356,
1637 2704 1670 2741 5,

220 2762 314 2794 Ann.
343 2763 442 2795 Oxx.
472 2763 508 2801 1,
536 2764 602 2802 23,
630 2762 673 2794 26
700 2779 739 2784 —·
767 2761 854 2801 239,
885 2762 895 2793 1
932 2780 964 2783 --
998 2764 1083 2797 352.
1115 2764 1146 2794 ΙΙ
