1779 3079
228 131 326 180 520
629 128 855 177 Addenda
890 139 934 176 et
971 129 1280 194 Corrigenda.

339 267 466 322 Paga
501 263 580 307 185
623 263 654 305 l.
689 263 756 305 17.
816 262 956 317 Dele,
1005 278 1115 321 quae
1155 262 1206 304 de
1248 263 1529 319 εἰλαρχιόντων
1559 263 1670 307 dicta

231 340 332 375 sunt
351 364 362 386 ‚
414 348 547 391 quum
578 331 736 373 rectius
767 329 1066 386 [νἰλαρχιόντων
1094 331 1291 388 legatur,
1338 331 1427 374 vid.
1462 347 1590 390 supra
1618 331 1672 374 ad

228 418 272 459 p.
308 401 403 443 170.

340 496 392 501 —
449 469 480 511 l.
512 468 582 511 28.
655 467 754 510 Non
794 466 959 510 veriora
1012 474 1111 508 sunt
1159 464 1255 520 ἦμεν
1294 466 1416 509 Curt.
1462 482 1528 509 nr.
1559 467 1588 509 7
1631 474 1674 509 et

228 535 465 588 Ἰσμηνιῆος
494 553 561 578 nr.
592 536 646 579 95
677 535 810 577 Leak.

339 604 467 661 Pag.
504 603 583 646 186
619 604 651 647 l.
684 603 726 645 7.
787 601 915 644 Nune
945 605 1002 643 νεὶ
1031 601 1157 645 etiam
1188 617 1227 643 v.
1259 601 1341 645 833
1378 601 1424 644 in
1455 603 1673 646 Ravenate

227 686 322 713 esse
352 671 528 725 dieitur,
561 681 603 713 et
633 671 746 712 idem
778 686 800 712 e
830 670 925 712 cod.
949 671 992 711 A
1023 686 1046 712 a
1072 669 1292 712 Brunckio
1322 678 1539 727 receptum
1567 679 1671 713 erat.

341 763 394 770 —
435 739 467 781 l.
492 738 558 780 13.
618 737 746 780 Adde
776 741 933 791 πρᾶτος
962 738 1097 779 Leak.
1131 753 1197 778 nr.
1222 738 1298 788 37,
1332 737 1453 779 Curt.
1488 754 1554 779 nr.
1578 739 1605 781 7
1634 745 1675 781 et

228 805 481 848 Boeotieum
511 821 667 848 nomen
705 807 910 859 Θεαρίδας
941 803 1129 846 Pausan.
1160 804 1231 854 X,
1263 805 1343 858 20,
1375 805 1400 846 3
1440 821 1464 847 a
1492 804 1670 861 θεωρός.

336 874 449 931 Pag
480 873 559 916 187
590 880 640 915 et
669 872 750 915 188
780 871 907 913 init.
976 872 1103 914 Adde
1131 871 1333 928 γε’γραπτη
1367 872 1490 915 Curt.
1529 889 1597 915 nr.
1628 873 1674 928 7,

226 941 343 991 ἔληον
373 940 506 982 Leak.
540 956 606 981 nr.
640 939 722 993 33,
775 938 963 992 Φήὸιμος
991 939 1127 981 Leak.
1162 956 1227 981 nr.
1262 940 1332 982 37.

337 1009 461 1064 Pag.
497 1007 578 1050 188
616 1007 647 1049 l.
682 1007 750 1050 16.
817 1008 1046 1056 Πλαταεΐος
1084 1007 1187 1049 item
1228 1015 1292 1049 est
1333 1007 1378 1050 in
1417 1008 1546 1052 Ptoio
1575 1008 1672 1052 Ulr.

224 1092 264 1133 p.
297 1075 396 1118 247.

333 1167 390 1172 -—-
434 1144 464 1185 l.
496 1144 553 1186 24
591 1159 742 1202 seqq.
832 1144 1024 1187 Leakius
1065 1160 1133 1185 nr.
1166 1143 1220 1186 29
1262 1143 1334 1196 (C.
1367 1144 1404 1186 I.
1446 1161 1514 1187 nr.
1545 1143 1673 1202 1575)

222 1212 406 1264 Λεβαὸει
425 1242 434 1252 .
455 1227 517 1259 οις
545 1211 705 1266 tradit,
762 1228 893 1270 quare
922 1211 1201 1266 Λεβαδειήοις
1231 1212 1545 1255 restituendum
1577 1228 1674 1256 esse

222 1279 406 1320 videtur.
494 1278 646 1321 Justae
676 1281 904 1336 gentilium
936 1281 1098 1323 formae
1137 1282 1382 1334 Ταναγρῆος
1419 1287 1461 1322 et
1496 1283 1675 1334 Θειβῆος

223 1354 323 1388 sunt
361 1346 405 1388 in
445 1346 573 1390 titulo
610 1348 754 1390 Ptoio.
816 1347 957 1390 Valde
986 1364 1183 1390 veremur
1221 1363 1275 1390 ne
1315 1347 1560 1391 terminatio
1591 1364 1674 1397 ειος

222 1414 384 1472 ubique
414 1415 653 1472 legentium
683 1415 819 1458 errori
850 1416 1067 1457 debeatur.

335 1483 461 1539 Pag.
498 1483 578 1526 188
618 1491 722 1526 not.
755 1485 796 1527 2.
858 1484 893 1526 Ε
927 1484 1080 1526 Leakii
1119 1483 1371 1527 auctoritate
1401 1486 1584 1534 Νικιῆος
1613 1484 1673 1526 le-

219 1551 409 1607 gendum
440 1559 518 1593 est.

333 1619 460 1676 Pag.
495 1619 576 1662 192
623 1619 655 1661 Ι.
689 1620 730 1661 4.
792 1618 921 1662 Adde
961 1619 1158 1675 Μύριχος
1201 1636 1267 1661 nr.
1304 1619 1413 1663 1579
1457 1625 1499 1661 et
1535 1617 1669 1660 Lealz.

220 1703 285 1728 nr.
321 1687 376 1730 37
406 1686 436 1728 i.
470 1703 508 1729 e.
541 1689 770 1742 „Molpcxog-

333 1755 458 1811 Pag.
494 1754 574 1798 194
626 1756 656 1797 l.
688 1755 728 1797 6.
819 1754 1049 1797 Accedunt
1087 1756 1154 1797 τοῖ
1196 1755 1266 1797 bis
1305 1754 1470 1797 Lebad.
1517 1770 1584 1796 nr.
1619 1754 1673 1797 33

219 1822 355 1863 Leah.
377 1856 389 1873 ,
449 1822 671 1864 Ἀπόλλωνι
705 1825 864 1864 Πτωΐοι
904 1823 999 1866 Ulr.
1045 1839 1089 1880 p.
1122 1824 1231 1876 247,
1290 1824 1357 1865 τοῒ
1394 1821 1505 1876 δάμῳ
1546 1838 1614 1864 nr.
1646 1823 1674 1864 7

221 1890 343 1931 Curt.
365 1921 376 1943 ‚
422 1890 497 1932 ubi
531 1890 653 1942 ὁάμοι
682 1891 912 1933 restituere
944 1907 1030 1933 non
1063 1890 1323 1932 dubitamus.

329 1957 454 2014 Pag.
489 1958 569 2000 195
610 1974 761 2016 seqq.
823 1958 946 2012 Quae
979 1959 1024 2000 in
1064 1961 1142 2000 hae
1181 1958 1449 2015 paragrapho
1481 1956 1670 2014 disputa-

217 2040 444 2077 veramus,
505 2041 711 2066 novorum
748 2025 972 2067 titulorum
1010 2042 1092 2066 usu
1125 2025 1268 2066 onmia
1309 2025 1398 2066 fere
1439 2024 1553 2065 haud
1584 2040 1668 2066 me-

217 2091 355 2133 diocri
387 2107 480 2133 eum
512 2091 671 2148 gaudio
703 2093 950 2134 confirmata
983 2093 1186 2134 vidimus.
1268 2093 1338 2133 Ad
1372 2092 1493 2150 prius
1522 2092 1669 2134 titulo-

218 2175 311 2200 rum
350 2175 488 2216 genus
539 2160 724 2217 pertinet
769 2160 920 2202 titulus
964 2159 1282 2203 orchomenias
1320 2159 1454 2201 Leak.
1497 2175 1563 2201 nr.
1597 2160 1667 2210 37,

217 2227 261 2267 in
294 2243 380 2284 quo
412 2244 433 2267 υ
473 2242 693 2283 nunquam
731 2243 814 2268 non
856 2228 900 2269 in
933 2245 980 2269 ου
1018 2236 1090 2269 aut
1121 2245 1185 2269 ιου
1219 2235 1405 2269 mutatur
1444 2228 1560 2281 (nam
1590 2243 1669 2285 pro

227 2299 387 2336 ’ΥΠΕΡ
416 2296 445 2336 l.
481 2296 505 2336 5
534 2294 631 2352 lege
664 2296 787 2349 οὗπέρ
808 2330 822 2345 ,
884 2312 1015 2353 qilum
1047 2296 1199 2337 lacuna
1233 2295 1472 2347 antecedat)
1493 2326 1506 2349 ‚
1565 2296 1667 2337 item

218 2380 256 2403 οι
304 2362 347 2403 in
391 2380 445 2417 ⁰3
507 2378 586 2403 nee
630 2363 823 2420 reliquae
867 2363 1126 2404 mutationes
1172 2364 1457 2420 negliguntur
1498 2370 1669 2420 praeter

216 2429 330 2471 πόλει
358 2430 389 2470 l.
423 2431 448 2470 4
479 2430 595 2487 quod
626 2447 774 2487 parum
804 2439 965 2472 eertum
995 2438 1089 2478 est:‚
1135 2431 1292 2472 deinde
1323 2430 1536 2488 Copensis
1568 2430 1665 2472 Ulr.

217 2514 260 2554 p.
294 2497 405 2546 203,
468 2497 544 2539 ubi
586 2497 699 2539 οὑιόν
731 2506 772 2540 et
803 2501 871 2546 153
901 2501 1013 2546 θιῦς.
1104 2499 1300 2540 Alterius
1334 2499 1506 2559 generis
1535 2505 1664 2539 sunt:

214 2564 452 2606 Thebanus
482 2565 636 2608 titulus
668 2566 799 2608 Lealz.
832 2583 896 2607 nr.
917 2565 970 2607 45
1005 2564 1149 2621 (eujus
1180 2583 1278 2624 pars
1311 2559 1363 2607 C.
1382 2567 1417 2607 l.
1438 2582 1501 2606 ur.
1524 2566 1666 2618 1598),

217 2631 293 2673 ubi
341 2632 564 2680 Λύσιππος
612 2642 652 2675 et
710 2634 1009 2687 Υηατόδωρος,
1073 2642 1113 2675 et
1161 2635 1268 2676 alter
1318 2634 1505 2675 ineditus
1557 2633 1668 2674 inter

217 2699 540 2754 Boeckhianos‚
585 2701 629 2742 in
662 2718 747 2758 quo
778 2704 990 2750 ‚slvm'ouog
1023 2711 1064 2743 et
1100 2703 1296 2749 ΙΙυθιάς;
1340 2700 1496 2742 deiude
1527 2700 1665 2742 Leba-
