1779 3079
182 203 220 259 ᾗ.
239 203 317 252 32.
369 203 442 249 De
477 199 843 264 pronominibus
870 215 1055 261 person.
1084 207 1129 244 et
1154 213 1349 260 possess.
1402 197 1500 246 255

54 339 267 381 sideratur
309 339 394 379 καὶ
438 338 515 387 σε’,
563 335 633 378 vel
672 334 789 391 quod
823 332 1007 374 similem
1043 332 1299 374 senteutiam
1330 332 1499 385 habeat,

51 408 109 448 cs.
141 406 279 448 Arist.
314 405 502 463 Lysistr.
535 403 563 445 6
605 401 720 457 χαῖρ’
762 397 794 440 oi
840 403 1066 450 Καλονίκη.
1126 408 1180 442 K.
1224 403 1292 441 καὶ
1335 400 1427 454 σύγ’
1472 397 1502 440 ὦ

50 474 320 527 Λυσιστράτη
378 482 419 514 01
463 470 717 513 familiarem
762 468 934 509 Latinis
981 469 1309 524 responsionem
1355 476 1405 510 et
1451 478 1503 510 tu

53 543 289 583 salveto.
348 540 445 582 Jam
475 554 608 597 quum
638 537 770 592 vulgo
805 535 903 576 ἀλλά
932 553 996 577 τοι
1028 535 1133 587 αὐτῷ
1164 537 1352 591 legatur,
1397 537 1503 593 opti-

51 610 111 651 mi
138 609 245 651 libri
273 607 481 666 praebent
512 608 572 646 roi
605 604 731 654 αὐτά,
770 604 845 644 alii
876 606 1067 655 ἰυιαῦῑα,
1110 602 1153 642 τι)
1186 603 1310 653 αὐτά,
1355 605 1399 644 zu
1433 605 1507 645 αὖ-

52 676 146 726 τός,
179 676 224 717 ui
257 675 375 724 αὐτό,
408 673 452 715 τὸ
487 672 608 721 αὐτό,
642 672 814 714 codices
845 679 952 712 teste
982 670 1198 713 VVartono
1232 671 1344 722 αι’·τᾳ.
1422 673 1505 713 lta-

53 760 136 802 que
166 742 399 800 legendum
431 756 526 783 esse
557 740 754 781 videtur:

109 815 167 851 A.
199 811 347 864 χαίρην
377 807 506 851 πολλοὶ
536 807 606 849 τὸν
638 808 770 863 ἄνδρα
808 805 1032 860 &moralem
1085 811 1133 847 (τ).
1169 805 1269 847 ἀλλὰ
1300 810 1355 848 tec*
1387 807 1503 859 αὐτᾷ,

108 879 302 932 Αἰσχίνα.

53 953 101 987 111
139 944 241 997 αὐτᾷ
282 945 339 986 sit
378 960 456 1001 pro
499 943 629 991 αὕτως
672 942 779 995 (vid.
814 942 855 995 ξ.
887 943 967 991 44,
998 941 1072 997 7):
1134 958 1235 1000 ego
1280 959 1413 985 vero
1458 951 1508 985 te

52 1013 178 1054 item
210 1027 270 1052 sc.
305 1013 525 1054 salvere
548 1011 738 1067 jubeo.
802 1009 1001 1052 Ceterum
1032 1027 1118 1052 non
1148 1011 1273 1052 valde
1295 1027 1507 1069 repugno,

0 1081 1 1085 ’
54 1079 91 1121 si
123 1079 223 1137 quis
254 1079 376 1121 malit
420 1079 518 1121 ἀλλὰ
557 1082 619 1121 τοὶ
659 1079 762 1130 αὐτᾷ
798 1086 839 1120 01
869 1078 920 1119 ab
951 1078 1191 1120 accusativo
1222 1079 1267 1119 111
1302 1080 1506 1128 dativum,

53 1147 130 1204 qui
160 1148 204 1189 in
238 1147 494 1190 salutatione
525 1148 652 1189 etiam
685 1146 884 1188 usitatior
914 1154 1008 1198 051,
1056 1146 1232 1188 transiri
1262 1163 1350 1189 non
1380 1164 1509 1205 aegre

52 1215 175 1256 ferat.
236 1214 409 1257 Deinde
439 1215 484 1255 in
519 1215 723 1257 Cleobuli
752 1215 935 1272 epistola
966 1213 1099 1270 Diog.
1134 1214 1279 1255 Laert.
1314 1214 1352 1267 l,
1384 1214 1427 1268 6,
1454 1216 1508 1257 93

52 1282 156 1324 libri
186 1283 394 1340 praebent
422 1282 507 1335 πάρ
536 1300 601 1324 τοι.
631 1286 886 1335 (sawazuh,
918 1282 994 1323 ubi
1026 1291 1307 1323 correxerunt
1336 1282 1419 1337 πάρ
1446 1300 1506 1333 τυ,

52 1366 294 1408 quanquam
326 1350 572 1393 encliticam
603 1367 697 1392 cum
729 1350 1050 1409 praepositione
1076 1350 1268 1407 jungere
1288 1350 1360 1391 vix
1390 1351 1506 1392 licet.

53 1417 145 1459 Nec
181 1418 317 1475 magis
350 1418 453 1460 ferri
483 1426 624 1477 potest
662 1419 745 1473 πάρ
776 1418 846 1468 τύ,
899 1418 1013 1476 quod
1044 1418 1309 1460 Huebnerus
1343 1419 1386 1459 in
1418 1419 1509 1460 Ad-

55 1485 207 1527 dendis
248 1487 501 1544 proposuit,
548 1504 681 1544 quum
723 1487 775 1527 de
814 1487 860 1527 τύ
900 1503 986 1527 11011
1028 1486 1232 1528 enclitico
1266 1487 1377 1528 1111111
1409 1503 1509 1529 con-

55 1561 163 1602 stet,
211 1555 286 1595 sed
318 1555 443 1596 etiam
477 1555 547 1596 1110
577 1558 635 1595 zel
670 1555 803 1596 latere
843 1554 1029 1596 videtur.
1105 1555 1223 1596 Idem
1259 1555 1510 1610 judicamus

56 1621 108 1663 de
149 1621 223 1675 ἐγώ
264 1640 328 1663 τοι
361 1622 591 1674 ἀμυνοῦμαι
633 1623 677 1663 111
719 1623 902 1680 epistola
935 1622 1164 1664 Periandri
1194 1622 1327 1680 Diog.
1362 1623 1506 1663 Lam-t.

55 1689 102 1742 Ι,
135 1690 186 1741 (i,
225 1690 323 1743 100,
370 1690 443 1730 ubi
474 1691 576 1731 item
605 1708 651 1730 τυ
681 1691 751 1732 vel
781 1689 825 1730 τύ
859 1690 1140 1748 scripserunt.
1211 1690 1437 1731 Postremo
1466 1690 1511 1731 in

56 1758 414 1815 apophtheg-mate
447 1757 630 1798 Chai-illi
661 1759 885 1799 Plutarch.
920 1775 963 1816 p.
1000 1758 1103 1810 189,
1136 1757 1210 1798 111)1
1242 1757 1383 1799 editur
1414 1776 1513 1798 κατ--

57 1824 224 1865 «ἔκτανον
254 1828 346 1879 τεῦ,
377 1833 450 1866 aut
478 1827 536 1866 τεί
565 1833 637 1866 aut
665 1842 710 1865 τυ
741 1826 1056 1867 restituendum
1089 1834 1167 1868 est.

167 1928 219 1951 τυ
265 1926 434 1968 semper
477 1911 727 1953 encliticum
768 1920 833 1953 est
872 1920 979 1953 teste
1019 1912 1258 1969 Apollonio
1298 1928 1341 1969 p.
1373 1911 1441 1954 68.
1474 1912 1511 1952 Β

55 1985 100 2019 01
131 1978 225 2021 106.
261 1977 323 2032 C5
383 1978 545 2036 legitur
585 1980 630 2021 iu
668 1996 797 2021 versu
839 1982 910 2020 καί
938 1998 982 2020 τυ
1015 1983 1211 2032 φίλιππον
1244 1979 1370 2029 ἔθηκε
1400 1980 1512 2037 apud

56 2045 369 2102 Apollonium,
403 2063 530 2104 quem
562 2048 761 2089 Alcmani
793 2048 1107 2089 vindicavimus
1142 2048 1187 2089 in
1216 2047 1332 2089 Mus.
1367 2047 1508 2089 Rhen.

57 2113 122 2153 VI
154 2114 323 2169 11234,
357 2113 512 2171 Sophr.
537 2117 605 2158 24.
637 2116 716 2168 74,
749 2116 905 2172 Epicb.
939 2117 994 2159 20
1027 2116 1148 2168 (libri
1179 2118 1286 2167 τοι),
1317 2117 1507 2157 Acharn.

57 2180 141 2222 696
171 2189 212 2222 01
243 2197 368 2238 saepe
398 2183 512 2239 apud
542 2183 839 2225 Theocritum.

141 2267 183 2314 0)
242 2265 388 2307 tertiae
417 2283 624 2325 personae

174 2351 217 2397 ἕ,
250 2349 366 2405 quod
398 2357 505 2391 teste
536 2352 776 2409 Apollonio
807 2370 849 2411 p.
871 2352 967 2394 107.
985 2352 1027 2392 Α
1058 2352 1254 2395 dialectis
1287 2366 1512 2393 commune

61 2423 140 2458 est.
202 2416 298 2457 Hoc
328 2433 414 2457 non
446 2419 764 2475 producebatur
793 2421 838 2462 in
871 2426 909 2461 εἴ
930 2418 998 2475 ¹⁹).

171 2502 250 2541 νίν
289 2501 538 2543 encliticam
579 2503 739 2546 Dorice
780 2513 846 2546 est
884 2521 962 2562 pro
1003 2504 1126 2561 epico
1166 2520 1233 2555 μιν
1276 2502 1512 2543 secundum

60 2567 267 2624 Apollon.
304 2569 399 2611 108.
434 2571 490 2610 A.
551 2570 667 2612 Illud
707 2588 803 2612 cum
837 2571 1058 2613 Sanscrito
1100 2580 1248 2610 enam
1290 2569 1512 2610 conferen-

63 2634 163 2675 dum
195 2644 285 2689 051,
336 2638 416 2678 1100
448 2653 544 2678 011111
586 2639 747 2680 imam
778 2656 801 2680 a
831 2638 1095 2680 nominativo
1126 2637 1265 2691 ajam
1307 2635 1355 2687 (i.
1389 2652 1426 2677 e.
1460 2638 1510 2685 ἴιν,

62 2699 116 2754 ι’.)
176 2702 362 2761 Legitur
382 2722 441 2744 νιν
465 2704 620 2762 Sopbr.
642 2705 713 2758 63,
747 2706 904 2764 Epicb.
922 2708 965 2759 9,
996 2722 1073 2763 pro
1094 2703 1300 2746 feminino
1316 2705 1510 2745 Acharn.

62 2769 167 2822 741,
214 2778 260 2811 111
301 2772 547 2814 omittamus
589 2774 731 2815 font-es
769 2774 914 2815 minus
958 2788 1104 2831 puros.
1179 2772 1371 2813 Pluralis
1407 2788 1512 2813 usus
