1779 3079
237 237 337 286 230
746 237 819 282 De
854 233 1183 282 declinatione.

238 377 369 417 vavit.
430 372 681 432 Epicharmi
711 373 949 431 fragmenta
980 373 1100 415 illam
1145 370 1278 414 solam
1324 373 1537 426 offerunt,
1581 373 1634 414 fr.
1666 372 1694 414 9

240 444 425 496 ῥίνεσσι,
490 441 571 484 156
618 440 990 497 γυναικάνὸρεσσι,
1053 440 1168 498 apud
1214 439 1485 498 Sophronem
1539 440 1592 481 fr.
1639 440 1695 483 99

239 517 306 553 est
348 508 748 567 τρηματιζόντεσσι,
807 510 920 567 apud
974 508 1283 551 Archimedem
1336 509 1511 565 longior
1559 508 1695 550 forma

237 578 433 620 breviore
477 577 745 635 frequentior
783 585 875 631 est,
932 585 978 618 ut
1019 577 1072 618 de
1112 577 1214 619 Hel.
1260 593 1303 634 p.
1346 576 1429 619 217
1474 575 1697 629 κομισθέν-

238 662 381 696 τεσσι,
428 663 470 704 p.
511 645 595 688 220
635 643 976 698 ὁιαστημάτεσσιν
1023 644 1160 699 (unde
1205 644 1398 701 corrigas
1441 643 1697 696 διαστήμασ-

241 730 306 755 σιν
347 731 392 773 p.
423 714 522 757 253.
554 713 683 766 254),
737 713 873 754 Aren.
914 729 956 770 p.
988 714 1067 755 331
1113 712 1505 762 κεκοινωνηκότεσσι
1547 719 1590 753 et
1627 727 1697 764 με-

237 781 609 836 ταλελαβηκότεσσι
644 788 725 822 etc.
801 780 935 838 Apud
973 780 1275 837 Thucydidem
1316 780 1376 833 V,
1416 781 1471 823 79
1510 781 1699 821 πολίεσσι

238 857 304 892 est
332 850 377 891 in
409 849 538 891 bonis
569 848 720 898 libris,
754 848 870 889 unde
899 848 1092 905 corrigas
1123 849 1279 888 πολίεσι
1294 847 1352 897 V,
1369 848 1440 889 77.
1501 847 1697 890 Pseudo-

238 917 503 976 Pythagorei
534 916 713 958 eandem
757 917 936 957 formam
977 916 1283 973 frequentant,
1332 922 1377 956 ut
1405 916 1621 973 Archytas
1652 916 1696 957 in

239 985 362 1028 Stoh.
409 984 565 1028 FloriL
604 984 650 1038 I,
683 985 753 1026 74.
796 984 851 1026 79
893 983 1113 1031 πάντεσσι,
1162 982 1254 1034 ΙΙΙ,
1295 982 1350 1025 76
1388 983 1696 1039 μαθημάτεσσι,

240 1051 579 1108 ἇκροαμάτεσσι,
627 1051 937 1107 πραγμάτεσσιν
980 1058 1062 1093 etc.
1138 1050 1265 1092 Haud
1308 1067 1403 1093 raro
1447 1051 1627 1094 alterum
1675 1069 1699 1093 σ

239 1120 450 1162 omissum
481 1126 572 1170 est,
604 1128 651 1162 ut
679 1118 925 1173 παρεόντεσι
955 1118 1098 1173 CXV,
1129 1120 1211 1173 27,
1243 1119 1496 1173 θρεμμάτεσι
1528 1120 1697 1173 XLVI,

237 1188 290 1230 61
316 1196 396 1229 etc.
415 1218 428 1240 ,
461 1203 571 1246 quae
601 1203 689 1230 non
717 1187 859 1229 minus
890 1187 998 1228 falsa
1029 1195 1130 1229 sunt
1160 1203 1288 1246 quam
1315 1186 1580 1240 μαθημάτεσι
1613 1188 1697 1243 111,

237 1254 320 1309 76,
365 1256 435 1297 cui
466 1271 582 1297 nunc
612 1271 636 1298 e
667 1256 760 1298 cod.
794 1256 835 1296 A
866 1256 1044 1297 alterum
1079 1272 1104 1296 σ
1132 1255 1328 1297 accessit.
1406 1255 1541 1298 Recte
1571 1257 1698 1298 etiam

239 1324 399 1365 πολίεσι
428 1323 560 1365 Pind.
597 1324 728 1381 Pyth.
761 1323 876 1377 VII,
907 1324 934 1366 9
964 1339 987 1365 a
1018 1323 1238 1366 Bocckhio
1270 1324 1514 1366 damnatum
1547 1333 1626 1367 cst,

351 1391 404 1433 Iu
446 1391 609 1434 tabulis
654 1391 1025 1434 Heracleensibus
1069 1392 1313 1435 terminatio
1365 1390 1562 1448 ασσι(ν)
1608 1393 1699 1435 sola

240 1459 478 1515 reperitur:
512 1459 701 1501 ἔντασσιν
731 1460 777 1513 Ι,
810 1459 864 1501 56
894 1476 972 1517 pro
1006 1456 1123 1509 οὖσι,
1156 1460 1490 1515 ὑπαρχόντασσιν
1520 1461 1567 1514 Ι,
1600 1462 1697 1510 127,

239 1526 558 1580 πρασσόντασσι
589 1529 637 1581 Ι,
673 1528 779 1581 110,
824 1528 1069 1570 ποιόντασσι
1096 1529 1146 1582 Ι,
1177 1529 1205 1570 2
1249 1528 1319 1581 (de
1362 1547 1384 1569 ἰι
1425 1530 1559 1581 ἕᾳκελκ.
1601 1528 1699 1571 vide

240 1596 282 1649 ξ.
316 1595 396 1650 10,
430 1594 521 1650 12).
566 1623 620 1628 -—
677 1596 775 1639 Jam
817 1596 977 1653 igitur,
1026 1612 1160 1654 quum
1203 1596 1247 1637 in
1287 1596 1428 1639 titulis
1459 1596 1700 1638 Alexandri

240 1670 419 1704 aetatem
451 1664 756 1722 superantibus
789 1665 881 1706 sola
911 1664 1086 1722 longior
1114 1664 1361 1707 terminatio
1394 1680 1495 1705 ασσι
1518 1665 1585 1706 vel
1609 1681 1701 1706 εσσι

241 1730 505 1788 reperiatur,
536 1747 679 1789 neque
711 1731 837 1774 aliter
866 1732 980 1789 apud
1003 1732 1339 1790 Epicharmium,
1372 1733 1567 1775 dubitare
1599 1733 1702 1775 licet

240 1814 293 1839 an
338 1798 511 1842 brevior
550 1800 795 1842 terminatio
837 1818 879 1842 σι
923 1801 1165 1843 recentiore
1207 1801 1378 1842 demum
1420 1808 1611 1859 tempore
1654 1801 1699 1843 in

240 1865 450 1908 Doridem
497 1867 665 1910 invecta
706 1876 748 1910 ct
775 1870 915 1923 χερσίν
944 1869 1056 1926 apud
1089 1868 1359 1926 Sophronem
1390 1885 1467 1926 pro
1499 1877 1700 1926 corrupto

240 1933 484 1975 habendum
526 1935 595 1975 sit.
676 1936 763 1978 Sed
805 1952 937 1993 quum
980 1945 1159 1993 utraque
1199 1937 1444 1978 terminatio
1469 1937 1560 1991 jam
1592 1937 1700 1978 anti-

242 2000 470 2058 quissimis
501 2003 768 2059 temporibus
800 2004 913 2060 apud
935 2004 1122 2045 Graecos
1154 2003 1196 2044 in
1229 2020 1308 2045 usu
1339 2005 1469 2045 suerit
1499 2012 1540 2045 et
1566 2020 1700 2063 quum
1764 2004 1767 2018 ¹

243 2069 405 2110 Acoles
437 2084 609 2126 quoque
641 2077 819 2127 utraque
852 2071 1001 2112 eodem
1032 2079 1223 2128 tempore
1256 2072 1323 2112 usi
1357 2073 1467 2125 sint,
1497 2072 1582 2113 vid.
1605 2072 1699 2114 L.l

242 2135 283 2188 ξ.
315 2136 386 2185 23,
418 2136 474 2190 3,
506 2136 740 2195 quidquam
773 2138 980 2179 affirmare
1013 2155 1098 2180 non
1131 2138 1356 2180 audemus.

356 2205 582 2247 Postremo
615 2206 658 2246 in
690 2205 817 2247 titulo
848 2205 1064 2263 Delphico
1096 2223 1162 2247 nr.
1199 2208 1332 2261 1693,
1379 2208 1409 2250 l.
1441 2207 1481 2249 3.
1515 2208 1542 2250 7
1582 2216 1624 2250 et
1654 2209 1699 2250 in

243 2272 469 2314 simillimo
499 2272 650 2315 Rossii
682 2290 746 2315 nr.
771 2274 843 2326 (37,
873 2275 904 2315 l.
941 2274 1006 2315 13.
1040 2274 1094 2315 25
1125 2275 1332 2332 leguntur
1362 2275 1494 2318 dativi
1527 2276 1700 2329 ἀγῶνοις

243 2348 285 2380 et
316 2340 664 2395 ἐντυγχανόντοις,
711 2341 753 2382 ἰη
786 2341 870 2383 alio
901 2341 1145 2400 Delphico,
1191 2359 1319 2401 quem
1351 2343 1487 2385 edidit
1518 2343 1697 2387 Curtius

243 2407 361 2449 Mus.
395 2408 536 2449 Rhen.
571 2409 682 2451 Nov.
726 2410 766 2450 ll
807 2426 848 2466 p.
890 2410 965 2451 114
995 2413 1201 2462 ἐκίαμιέοις
1230 2428 1308 2469 pro
1339 2415 1572 2465 Λαμιεῦσι,
1604 2418 1699 2454 Λοι-

243 2476 428 2527 μιεέσσι,
463 2484 504 2518 et
535 2476 578 2517 iu
610 2476 865 2518 Aetolorum
900 2478 951 2518 ad
984 2478 1182 2520 Milesios
1213 2479 1422 2538 epistola,
1455 2480 1582 2535 cujus
1615 2480 1697 2522 ini·
1760 2477 1763 2486 ⁸

244 2543 351 2584 tium
395 2545 580 2586 servavit
630 2544 944 2601 Aristophanes
992 2547 1295 2601 grainmaticus
1341 2547 1454 2604 apud
1498 2548 1695 2591 Eustath.

245 2627 288 2667 p.
323 2611 405 2654 279
425 2643 436 2664 ,
469 2613 549 2665 40,
591 2611 823 2666 γερόντοις,
868 2621 1084 2670 postremo
1113 2614 1378 2667 παθημάτοις
1409 2615 1455 2656 ἰη
1486 2631 1610 2658 versu
1643 2615 1697 2658 ab

246 2679 394 2720 codem
426 2679 716 2737 Aristophane
744 2681 896 2734 allato,
940 2697 1067 2737 quem
1099 2683 1253 2724 comici
1290 2683 1514 2738 cujusdam
1547 2687 1697 2741 potitae

245 2763 339 2787 esse
380 2748 594 2789 hominem
627 2749 829 2790 Aetolum
877 2749 1122 2791 inducentis
1163 2751 1412 2793 Mcincltius
1452 2751 1697 2809 suspicatus

245 2822 310 2854 est
346 2814 511 2855 Comm.
558 2816 617 2856 lv
663 2834 703 2873 p.
735 2817 832 2857 626.
911 2817 1006 2859 Jam
1054 2819 1222 2874 egimus
1266 2820 1319 2861 ‹le
1363 2819 1575 2876 singulari
1621 2819 1695 2861 illa
1756 2843 1757 2853 κ
