1779 3079
375 208 416 268 §.
452 209 531 258 25.
583 210 658 256 De
693 228 757 266 εε,
795 228 867 266 οε,
910 226 961 252 oo
995 203 1270 254 contractis.
1450 205 1547 254 201

99 345 262 404 legitur
300 346 436 389 Ther.
477 346 603 390 2448.
645 345 711 387 111
724 376 737 398 ,
780 344 849 387 29.
902 343 985 398 lv,
1019 344 1099 399 34,
1158 343 1376 402 Megalop.
1417 344 1542 398 1534,

99 413 234 455 Phoe.
267 414 321 456 73
353 414 408 455 R.

213 483 258 533 9)
315 480 526 538 vulgaris
566 477 872 521 contractionis
912 477 1021 519 ratio
1061 478 1326 536 conspicitur
1361 478 1406 520 in
1443 496 1546 533 τρα-

101 548 254 604 γῳδός,
299 548 483 600 κομῳόός
526 546 703 602 Corcyr.
749 546 884 595 1845,
930 545 1131 603 Astypal.
1162 547 1304 599 2483,
1355 562 1464 603 quac
1493 546 1545 588 ab

102 616 419 673 antiquioribus
449 613 740 656 Doriensibus
770 613 881 655 haud
913 613 1041 654 dubie
1071 613 1316 667 τραγαοιδός
1346 620 1387 655 et
1416 631 1545 666 κομα-

104 682 217 731 οιδός
245 682 658 740 pronuntiabantur,
691 687 732 722 et
761 680 805 722 in
837 680 948 723 crasi
978 680 1064 722 vid.
1097 680 1138 734 ξ.
1164 681 1234 723 27.
1295 680 1433 722 Vides
1464 681 1546 738 igi-

102 758 197 804 tur,
227 749 492 803 Dorienses,
524 749 788 791 recentiores
813 747 1114 804 potissimum,
1145 748 1191 789 in
1222 748 1448 790 vocalibus
1477 749 1548 791 his

101 817 404 860 contrahendis
461 832 547 858 non
592 816 754 873 ubique
807 815 1081 873 proprietatis
1132 815 1347 857 studiosos
1392 815 1544 857 fuisse.

101 884 282 928 Scilicet
314 887 339 925 ἆ
371 885 661 927 contractione
696 899 750 925 ex
780 900 829 924 αο
858 884 929 925 vel
961 901 1020 924 αω
1050 891 1194 926 natum
1227 899 1378 925 sonum
1408 883 1546 925 vocali

102 970 134 993 ω
169 953 355 995 similem
384 952 588 994 habuisse
618 951 816 1005 videtur,
862 951 974 993 unde
1004 951 1097 993 fieri
1127 959 1315 1010 poterat,
1363 960 1411 993 ut
1439 967 1546 994 non—

101 1021 220 1064 nulla
251 1021 394 1080 ipsum
425 1038 455 1061 ω
484 1020 764 1078 praeferrent.
891 1010 894 1013 ⁵

750 1122 792 1176 ξ.
825 1122 894 1165 25.

505 1207 585 1239 De
618 1219 672 1248 εε,
707 1218 762 1245 οε,
795 1218 833 1240 oo
867 1210 1141 1240 contractis.

215 1278 262 1335 1)
301 1281 555 1324 Heraclides
584 1282 714 1324 tradit
736 1285 768 1333 ¹)
798 1282 1038 1324 Dorienses
1069 1297 1106 1322 εε
1136 1280 1180 1322 in
1212 1298 1236 1330 η
1268 1280 1543 1336 conjungere.

99 1348 360 1391 Aeeuratius
391 1356 531 1392 tamen
563 1350 865 1408 quaerentibus
896 1356 1093 1407 apparet,
1128 1348 1384 1391 severiorem
1408 1348 1546 1390 solum

100 1415 310 1458 Doridem
339 1417 398 1459 ita
428 1433 450 1459 a
479 1417 646 1474 vulgari
678 1418 842 1460 ratione
873 1417 1120 1470 discedere,
1167 1416 1293 1471 cujus
1333 1416 1379 1457 in
1419 1416 1547 1459 fonti-

98 1483 181 1527 bus
210 1485 294 1527 fide
326 1485 602 1542 dignioribus
632 1486 728 1541 ejus
758 1485 930 1543 generis
959 1485 1236 1542 reperiuntur
1264 1485 1392 1526 haee:

214 1551 259 1607 a)
317 1553 509 1594 Primum
542 1553 587 1594 in
619 1553 926 1610 conjugatione
956 1559 1197 1606 contracta,
1228 1552 1343 1593 unde
1374 1551 1547 1604 φιλήτω,

101 1618 259 1669 νοήτω,
295 1623 500 1673 αἱρῆσθαι
529 1636 607 1678 pro
636 1620 812 1663 Dorieis
844 1622 1079 1662 afferuntur
1101 1618 1168 1674 2),
1201 1619 1254 1661 ad
1287 1620 1546 1662 severiorem

101 1685 311 1728 Doridem
354 1687 596 1744 pertinent:
644 1688 836 1743 ἐπαμώχη
877 1687 1050 1728 Heracl.
1084 1687 1137 1728 B.
1170 1687 1223 1728 14
1261 1703 1284 1728 a
1326 1687 1546 1741 παμωχέω,

101 1753 288 1810 Lysistr.
325 1755 432 1796 l3l4
464 1754 610 1807 ἆγῆται
653 1772 732 1813 pro
770 1757 950 1810 ἡγεῖται,
999 1755 1106 1797 1318
1145 1753 1226 1805 πόη
1266 1754 1546 1811 imperativus

101 1822 233 1870 (male
281 1822 391 1874 ὕμνει
438 1823 582 1878 1321).
674 1824 838 1866 Eodem
880 1822 1096 1880 pertinere
1139 1821 1310 1863 videtur
1352 1822 1544 1879 Hesych.

100 1888 297 1939 κάκκη,
332 1889 532 1931 κάθευδε·
575 1891 776 1940 Λάκωνες
806 1908 828 1933 a
859 1891 1065 1939 κατακέω,
1112 1905 1254 1947 neque
1284 1890 1451 1931 alienus
1481 1896 1548 1931 est

100 1956 342 1998 infinitivus
372 1962 638 2012 κοπραγωγῆν
666 1959 855 2016 Lysistr.
889 1959 1027 2011 1174,
1076 1973 1320 2015 quanquam
1349 1957 1546 1999 Lacones

100 2023 226 2065 etiam
254 2023 491 2067 infinitivos
528 2042 615 2067 non
647 2034 886 2068 contractos
926 2026 972 2066 in
1003 2043 1052 2075 ην
1079 2024 1335 2079 terminant,
1379 2025 1468 2066 vid.
1502 2027 1543 2078 ξ.

99 2090 181 2143 20,
215 2091 254 2132 5.
324 2091 504 2150 Saepius
545 2093 749 2137 infinitivi
788 2094 833 2134 in
861 2096 911 2143 ἦν
940 2093 1052 2150 apud
1083 2092 1363 2134 Theocritum
1392 2093 1545 2149 legun-

101 2164 171 2199 tur
210 2157 393 2216 (ubique
432 2167 572 2201 tamen
612 2162 727 2203 varia
763 2157 893 2203 lectio
924 2176 1020 2202 cum
1049 2160 1349 2202 terminatione
1379 2161 1437 2201 εῖν
1470 2160 1546 2201 ad—

102 2229 185 2273 est)
216 2233 258 2266 et
287 2227 399 2283 apud
428 2227 953 2286 Pseudo-Pythagoreos
997 2255 1049 2259 —
1107 2227 1205 2269 Non
1236 2235 1349 2270 recte
1382 2228 1545 2270 Boeck-

101 2292 200 2334 hius
226 2293 272 2334 in
311 2293 427 2336 Cret.
460 2295 598 2348 2556,
628 2297 682 2339 68
711 2313 790 2354 pro
818 2297 969 2336 τέλεται
998 2295 1175 2354 scripsit
1202 2297 1394 2344 τελεῖται,
1428 2294 1545 2351 quod

150 2438 184 2479 l)
233 2437 421 2473 Heraclid.
447 2449 506 2483 ap.
526 2438 692 2472 Eustath.
722 2440 821 2481 1892,
842 2440 895 2473 40.
945 2436 1043 2484 παρὰ
1069 2438 1104 2471 δὲ
1125 2438 1310 2483 Δωριεῦσιν
1331 2434 1374 2469 τὰ
1400 2438 1549 2470 τοιαῦτα

101 2494 164 2530 δύο
187 2497 226 2529 {E
249 2494 369 2540 elev—117
403 2495 490 2538 (leg.
515 2496 552 2539 ἦ)
585 2499 804 2542 συναιρεῖται.
861 2494 901 2528 τὸ
935 2494 1003 2541 γὰρ
1039 2496 1175 2536 ἔπλεεν,
1211 2495 1321 2540 ἔῤῥεεν
1351 2495 1458 2539 ἔπλην
1491 2493 1548 2527 καὶ

102 2553 201 2597 ἔρῥην
224 2550 311 2598 παρ’
339 2551 468 2589 αὐτοῖς.

146 2612 182 2647 2)
232 2610 420 2644 Heractid.
448 2621 504 2653 ap.
532 2610 693 2644 Eustath.
723 2612 830 2651 1411,
857 2612 911 2646 23.
960 2608 1049 2645 οὕτω
1072 2612 1212 2655 Δωριεῖς
1236 2611 1460 2650 μεταποιοῧσι
1485 2609 1548 2647 τὰς

102 2667 265 2704 τοιαύτας
289 2666 580 2711 παραληγούσας,
619 2667 660 2701 τὸ
683 2668 838 2709 φιλείτω,
864 2669 978 2701 νοείτω
1004 2666 1146 2711 white),
1172 2665 1281 2711 νοήτω
1314 2668 1474 2709 λέγοντες.
1504 2687 1544 2692 -

105 2725 198 2758 Ann.
225 2725 324 2759 Oxx.
354 2725 393 2766 I,
422 2727 507 2767 Μή,
533 2726 586 2758 22.
637 2723 886 2770 ἀπαρέμφατον
911 2726 1059 2770 Δωριστὶ
1084 2727 1268 2769 πλῆσθαι,
1305 2725 1480 2763 ἐνεστῶτος
1506 2724 1548 2762 ὡς

106 2779 270 2829 ἧρῆσθαι.
322 2784 488 2827 Apparet
514 2781 775 2825 corrigendum
801 2794 881 2817 esse
906 2782 1085 2828 αἱρῆσθαι.
