1779 3079
414 209 457 268 ᾗ.
494 209 573 258 48.
646 210 718 256 De
753 208 948 255 mitiore
976 206 1167 254 Doride.
1414 205 1515 253 409

75 347 214 389 Unam
249 347 570 404 suspicionem,
602 362 710 406 quae
741 345 1012 387 mediocriter
1036 346 1204 402 placere
1224 343 1381 401 possit,
1416 358 1516 384 con-

73 421 137 455 tra
168 415 339 473 concipi
370 431 497 472 posse
536 429 787 458 censemus:
833 412 953 453 illam
982 412 1162 453 Doridis
1194 411 1380 469 speciem
1413 410 1515 452 olim

75 483 263 523 solorum
293 484 546 525 Aetolorum
586 482 723 523 fuisse
761 488 802 522 et
831 488 978 536 postea
1007 479 1199 521 Aetolici
1227 479 1415 520 foederis
1446 493 1518 519 au·

73 548 268 590 ctoritate
298 567 376 608 per
405 550 567 592 vicinas
590 549 791 606 regiones
812 554 1084 604 propagatam
1101 577 1113 601 ⁷
1145 547 1272 588 sicuti
1298 547 1518 604 vulgarem

71 616 278 658 Doridem
320 618 501 659 Achaici
552 617 738 659 foederis
779 615 1070 656 dominatione
1106 631 1184 671 per
1222 614 1520 671 Peloponnesi

72 685 254 741 populos
284 685 574 726 circumlatam
605 700 699 726 esse
729 682 1032 724 iudicavimus.
1093 682 1291 740 Delphos
1312 690 1426 724 certe
1456 698 1520 723 re-

71 753 283 794 centiores
314 753 554 811 Aetolicam
586 753 780 810 linguam
813 751 1040 808 adoptasse
1077 767 1177 792 mox
1211 749 1521 791 demonstrabi-

71 835 182 860 mus.
246 819 330 862 Sed
362 821 513 861 horum
545 819 766 877 antiquior
797 834 969 876 quoque
1000 818 1210 860 dialectus
1234 817 1287 859 ad
1309 817 1522 858 mitiorem

72 886 302 928 dialectum
353 888 555 945 pertinet.
649 886 934 928 Accuratiora
978 886 1148 927 docebit
1190 885 1523 942 inscriptionum

71 970 302 1012 earumque
334 956 517 997 fortasse
548 955 839 1013 antiquiorum
871 955 988 1009 lar-ga
1019 954 1165 1011 copia,
1199 969 1325 1010 quam
1349 968 1448 994 mox
1478 953 1524 992 in

70 1021 163 1063 illis
192 1023 448 1079 regionibus
481 1023 691 1065 detectum
727 1023 781 1063 iri
812 1038 1047 1081 speramus.
1112 1020 1313 1062 Ceterum
1346 1021 1390 1062 in
1422 1020 1523 1062 titu-

71 1090 126 1131 lis
157 1090 356 1132 Locricis
399 1107 500 1132 casu
548 1090 895 1148 septentrionalis
937 1089 1117 1131 Doridis
1157 1089 1396 1147 proprietas
1437 1104 1522 1129 non

69 1165 267 1215 apparet,
300 1175 440 1216 neque
470 1167 610 1200 tamen
645 1158 783 1214 mag-is
816 1157 1069 1216 quidquam,
1103 1157 1216 1214 quod
1238 1173 1328 1198 cam
1352 1155 1524 1197 dialecti

72 1226 260 1283 speciem
291 1225 470 1282 agnosci
499 1233 624 1267 vetet.
687 1226 985 1268 Acarnanicos
1016 1226 1190 1278 titulos,
1230 1241 1409 1282 quorum
1442 1223 1525 1264 lin—

73 1309 155 1349 gua
197 1309 331 1350 aeque
371 1293 486 1335 inter
531 1295 753 1350 vulgarem
803 1301 844 1335 ct
885 1293 1267 1351 septentrionalem
1313 1291 1525 1333 Doridem

72 1361 201 1403 dubia
231 1369 320 1415 cst,
367 1361 471 1403 olim
504 1361 604 1402 huic
635 1361 974 1419 adscripsimus,
1021 1377 1136 1402 nunc
1167 1368 1342 1418 propter
1372 1359 1526 1401 Corin-

70 1429 255 1471 thiarum
286 1429 553 1472 coloniarum
584 1430 626 1470 in
659 1446 706 1472 ea
738 1430 917 1486 reg-ione
948 1437 1201 1488 potestatem
1233 1428 1285 1469 ad
1316 1428 1434 1471 illam
1460 1442 1525 1468 rc-

69 1498 183 1539 ferre
212 1497 460 1539 maluimus.

184 1565 228 1616 5)
288 1565 561 1622 Delphica
608 1565 820 1608 dialectus
859 1566 1077 1624 antiquior
1116 1565 1437 1607 memorabilem
1480 1564 1526 1604 in

70 1633 245 1676 modum
289 1649 312 1674 a
358 1634 687 1691 septentrionali
742 1634 907 1676 Doride
962 1635 1165 1676 distincta
1213 1641 1292 1675 est.
1384 1633 1524 1685 Quae,

73 1718 205 1759 quum
236 1701 557 1743 vetustissimus
587 1702 739 1743 titulus
773 1702 1003 1743 Crissaeus
1035 1702 1082 1744 C.
1116 1702 1151 1743 I.
1186 1718 1253 1742 nr.
1291 1702 1312 1742 ‘l
1349 1708 1390 1742 et
1421 1700 1527 1741 Del-

71 1769 225 1826 phicus
256 1786 322 1809 nr.
343 1769 398 1812 25
428 1769 536 1811 nihil
570 1769 751 1810 habeant
769 1770 969 1826 antiquae
992 1770 1149 1812 Doridi
1174 1785 1257 1810 non
1282 1783 1525 1820 commune,

73 1853 126 1878 ex
152 1853 239 1878 uno
271 1837 549 1893 cognoscitur
580 1837 749 1878 decreto
780 1837 1133 1894 Amphictionico
1166 1854 1232 1878 nr.
1264 1836 1373 1879 1688
1419 1835 1524 1886 (vid.

71 1905 324 1961 Append),
369 1905 486 1961 quod
519 1905 592 1946 (H.
628 1906 733 1958 100,
770 1906 789 1947 l
834 1905 1040 1962 scriptum
1074 1912 1152 1946 cst.
1227 1903 1380 1961 Neque
1412 1904 1527 1944 enim

71 1972 268 2013 dubitare
299 1972 426 2025 licet,
461 1973 566 2030 quin
601 1972 812 2014 dialectus
835 1973 1048 2030 Delphica
1081 1973 1161 2027 sit,
1195 1989 1326 2030 quum
1351 1972 1401 2012 de
1424 1971 1528 2012 Del-

70 2040 296 2096 pliicarum
341 2041 524 2081 maxime
577 2057 719 2081 rerum
770 2041 1142 2082 administratione
1191 2048 1342 2098 agatur
1386 2055 1528 2096 neque

72 2107 189 2148 ullus
220 2107 330 2148 alius
361 2109 548 2165 populus
579 2124 676 2149 cum
707 2107 850 2165 aliqua
879 2109 968 2167 veri
999 2111 1144 2166 specie
1175 2108 1409 2164 excogitari
1430 2123 1528 2164 pos·

75 2173 157 2227 sit,
189 2174 316 2229 cujus
346 2175 497 2233 lingua
525 2176 857 2233 Amphictioncs
890 2193 936 2218 ea
967 2185 1103 2219 aetate
1136 2177 1205 2218 usi
1238 2176 1339 2218 sint.

184 2241 282 2284 Jam
312 2259 414 2284 vero
454 2243 615 2284 decreti
655 2244 864 2285 dialectus
894 2245 948 2286 ad
987 2245 1365 2302 septentrionalem
1398 2242 1528 2283 Dori-

75 2308 170 2350 dem
214 2326 263 2352 eo
304 2310 513 2367 pertinet,
561 2312 676 2367 quod
713 2313 752 2352 ἐν
782 2328 859 2369 pro
891 2314 947 2361 εἰς
977 2321 1211 2371 usurpatur
1240 2320 1282 2353 ct
1309 2310 1424 2368 quod
1455 2326 1528 2352 vo-

74 2377 231 2419 ealium
262 2393 303 2418 ἑο
345 2384 386 2418 et
423 2393 474 2417 εω
518 2379 810 2421 contractione
851 2380 1106 2422 abstinetur.
1186 2380 1346 2421 Contra
1389 2378 1528 2419 differt

74 2451 358 2485 extremarum
404 2445 664 2501 syllabarum
712 2448 983 2505 correptione
1030 2448 1203 2497 cadem,
1261 2462 1369 2504 quae
1412 2445 1526 2503 apud

73 2512 323 2564 Theraeos,
357 2512 502 2566 Coos,
534 2513 767 2571 plerosque
798 2514 1058 2568 Cretenses,
1103 2514 1349 2571 Cyrenaeos
1382 2514 1526 2556 obser-

74 2586 198 2621 vatur
234 2579 324 2621 vid.
359 2582 399 2633 §.
432 2581 502 2622 21.
576 2580 749 2623 Tertiae
789 2582 1095 2624 declinationis
1137 2582 1304 2623 dativus
1344 2582 1526 2639 pluralis

73 2647 120 2688 in
151 2662 243 2688 εσσι
272 2647 455 2701 desinit,
487 2663 574 2689 non
605 2648 651 2690 in
682 2666 769 2699 οις,
816 2658 857 2691 et
886 2649 1010 2691 tertia
1040 2650 1224 2706 pluralis
1253 2650 1524 2706 imperativo-

73 2730 168 2755 rum
197 2714 346 2756 Attico
378 2731 521 2768 more,
553 2731 639 2772 quo
672 2717 798 2758 etiam
830 2717 1060 2758 Cretenses
1090 2724 1132 2758 et
1162 2717 1351 2759 Theraei
1380 2725 1447 2770 et,
1479 2718 1524 2758 in

75 2780 314 2837 subjectivo
345 2782 546 2839 quidem,
579 2782 741 2825 Rhodii
771 2792 978 2837 utuntur,
1019 2785 1063 2826 in
1098 2802 1199 2825 ντων
1231 2793 1272 2826 ct
1303 2792 1441 2839 σθων,
1481 2792 1527 2826 ut
