1779 3079
460 144 498 203 §.
534 144 612 194 48.
686 147 759 193 De
789 145 986 193 mitiore
1022 147 1214 194 Doride.
1455 149 1554 198 405

108 279 289 335 species.
350 277 648 321 Nihilominus
680 285 722 320 et
751 279 831 319 hos
862 285 903 318 et
933 277 1224 335 Epidaurios,
1256 278 1331 338 qui
1362 280 1551 322 arctissi-

103 358 170 387 ma
201 346 458 402 cognatione
493 363 588 389 cum
611 345 843 404 Aeginetis
867 345 1012 399 juncti
1041 354 1177 399 eraut,
1210 347 1356 389 eadem
1384 348 1551 405 vulgari

101 412 266 455 Doride
297 430 400 456 usos
430 430 552 467 esse,
604 430 686 472 qua
715 412 850 456 vicini
881 412 1146 466 Dorienses,
1199 431 1449 471 persuasum
1479 418 1549 457 ha-

99 480 267 522 hemus.
330 481 561 539 Sicyonios
592 497 791 539 qnoque,
839 479 1085 533 Phliasios,
1134 480 1399 536 CleonanS,
1444 499 1548 541 quo-

100 563 195 589 rum
237 548 288 590 de
330 549 524 591 dialectis
565 548 677 591 nihil
720 548 962 590 accuratius
1009 556 1274 606 compertum
1322 551 1546 604 habemus,

98 614 189 658 illis
219 616 375 659 addere
407 617 630 658 audemus.

207 683 508 738 Messenii,
554 689 761 741 quantum
802 699 825 724 e
862 682 1001 725 titulis
1042 683 1188 741 paullo
1233 684 1547 727 recentioribus

96 750 371 808 intelligitur.
462 752 513 793 In
561 751 879 793 Messaniorum
925 750 1174 793 Siculorum
1226 750 1352 792 titulo
1398 751 1445 800 I,
1498 753 1548 794 16

94 817 293 860 Torrem.
326 826 441 861 certe
471 818 617 860 mitior
645 818 780 860 Doris
813 826 1014 876 apparet,
1047 834 1291 877 quanquam
1323 820 1426 860 haec
1455 819 1547 876 qui-

94 885 190 926 dem
220 886 325 927 urbs
356 887 400 928 in
438 894 554 928 tanta
592 887 833 928 incolarum
874 887 1081 929 mixtione
1119 885 1437 928 Messeniorum
1477 902 1546 928 co-

92 953 210 994 lonia
248 955 320 995 vix
360 955 509 996 haberi
550 961 705 1012 potest.
795 954 1082 1011 Antiquiores
1123 953 1367 995 Messenios
1391 985 1404 1007 ,
1465 955 1545 996 sub

92 1020 401 1078 Spartanorum
434 1023 705 1080 potissimum
739 1022 1057 1076 dominatione,
1099 1021 1342 1063 Laconicae
1373 1021 1545 1063 dialecti

89 1088 325 1147 participes
356 1090 522 1143 fuisse,
564 1090 617 1131 ad
649 1106 776 1147 quam
807 1089 1057 1147 opinionem
1089 1089 1201 1130 haud
1232 1097 1390 1131 temere
1419 1090 1545 1131 incli-

90 1158 286 1207 naveris,
332 1174 419 1199 non
450 1164 592 1215 potest
623 1157 724 1198 inde
764 1156 1033 1211 confirmari,
1077 1157 1194 1214 quod
1225 1157 1544 1200 Demosthenes

90 1225 202 1282 apud
228 1225 531 1282 Thucydidem
563 1226 627 1267 IV
658 1241 696 1267 c.
718 1226 742 1267 3
773 1225 1018 1266 Messenios
1051 1231 1148 1282 post
1177 1226 1349 1266 tertium
1380 1225 1543 1267 bellum

87 1292 378 1335 Messenieum
418 1293 630 1351 Naupacti
668 1293 867 1335 sedentes
907 1292 1262 1334 Lacedaemoniis
1303 1293 1544 1346 ὁμοᾳώινους

88 1360 194 1402 dicit
224 1377 357 1418 eaque
397 1362 449 1403 de
489 1377 615 1403 causa
659 1362 710 1402 ad
743 1362 902 1417 Pylum
943 1360 1239 1418 occupandam
1279 1360 1540 1417 aptissimos.

28 1452 30 1454 ·
88 1428 205 1470 Idem
237 1429 351 1470 enim
381 1428 728 1482 Demosthenes,
761 1429 1020 1486 Thucydide
1050 1435 1249 1470 narrante
1280 1428 1345 1468 III
1377 1443 1414 1469 c.
1445 1429 1541 1481 112,

87 1496 416 1548 Ambraciotas,
458 1497 534 1555 qni
567 1496 734 1554 vulgari
763 1496 931 1538 Doride
962 1496 1214 1549 utebantur,
1257 1511 1542 1554 oppressurus

86 1563 332 1606 Messenios
362 1565 585 1623 praemisit
615 1573 656 1606 et
685 1564 848 1622 alloqui
874 1564 1012 1619 jussit
1041 1565 1253 1617 „Amplaa
1283 1580 1324 1604 τε
1352 1567 1542 1617 γλῶσσαν

85 1631 216 1680 ἱέντας·
261 1635 330 1673 καῖ
371 1634 458 1680 τοῖς
502 1632 737 1684 nymphia&
784 1633 919 1672 πίστιν
963 1632 1321 1685 παρεχομένους.“
1390 1631 1541 1689 Itaque

0 1700 29 1754 ,'
86 1698 275 1741 Doricae
320 1700 521 1748 dialecti,
584 1716 671 1741 non
716 1699 950 1754 singularis
993 1698 1156 1755 speciei
1200 1698 1446 1740 communio
1489 1715 1541 1739 ex

25 1794 27 1798 .
86 1773 267 1824 utroque
299 1767 394 1808 loco
425 1775 615 1825 apparet.
692 1766 892 1808 Ceterum
936 1766 1226 1808 confitendum
1260 1773 1347 1820 est,
1393 1766 1540 1823 vulga-

84 1849 173 1874 rem
212 1834 420 1876 Doridem
464 1836 508 1876 in
550 1835 692 1876 titulis
731 1833 989 1875 Messenicis
1032 1834 1172 1876 eidem
1213 1849 1364 1875 causae
1406 1833 1540 1874 tribui

86 1917 213 1959 posse
233 1932 245 1953 ,
279 1918 406 1959 quam
433 1903 523 1957 jam
554 1903 607 1943 ad
638 1901 746 1943 alios
776 1902 928 1943 titulos
959 1902 1277 1943 adhibebimus.

197 1969 463 2012 Arcadici
495 1970 609 2012 enim
641 1977 682 2010 et
711 1968 987 2011 Laconici
1018 1969 1135 2010 tituli
1176 1978 1274 2027 post
1304 1986 1341 2010 a.
1376 1969 1460 2012 200
1497 1985 1535 2010 a.

85 2036 191 2078 Chr.
225 2037 378 2095 scripti
407 2039 628 2095 vulgarem
657 2037 868 2079 Doridem
899 2036 1130 2091 exhibent,
1179 2053 1425 2094 quanquam
1455 2038 1536 2078 Ar-

24 2136 26 2141 .
84 2105 212 2146 cades
260 2105 470 2161 peculiari
514 2106 700 2147 dialecto
755 2112 796 2145 et
838 2104 1036 2146 Lacones
1081 2104 1311 2146 severioris
1355 2104 1536 2145 Doridis

84 2172 298 2229 singulari
344 2174 487 2230 specie
531 2189 633 2215 usos
677 2172 817 2214 fuisse
861 2179 1041 2214 constat.
1129 2171 1358 2225 Quomodo
1402 2172 1539 2228 igitur

83 2240 241 2281 factum
283 2246 373 2292 est,
422 2248 469 2282 ut
508 2248 655 2283 contra
685 2240 903 2297 antiquam
935 2240 1294 2281 consuetudinem
1324 2255 1372 2280 ea
1403 2246 1537 2280 aetate

82 2307 276 2364 vulgaris
305 2306 465 2361 Doris,
509 2308 554 2348 in
592 2307 733 2349 titulis
764 2314 879 2349 certe
911 2314 952 2349 et
983 2307 1216 2349 cultiorum
1247 2307 1429 2347 fortasse
1462 2307 1535 2347 ho-

80 2375 246 2417 minum
274 2391 470 2416 sermone
500 2374 777 2424 (Laconicam
808 2375 923 2415 enim
945 2374 1250 2431 proprietatem
1270 2389 1324 2414 ne
1344 2379 1535 2430 tempore

81 2443 255 2500 quidem
294 2443 428 2485 multo
467 2442 704 2484 recentiore
745 2458 914 2484 omnem
956 2441 1184 2481 extinctam
1216 2440 1354 2481 fuisse
1386 2440 1535 2482 docui-

79 2527 177 2552 mus
215 2511 272 2551 cl'.
306 2512 348 2564 ξ.
379 2511 461 2564 49,
494 2509 542 2565 2)
572 2510 749 2567 probata
781 2509 866 2552 sit?
939 2508 1066 2550 Circa
1096 2524 1257 2548 annum
1289 2507 1533 2550 ducentesi-

26 2627 27 2630 ,
80 2595 195 2620 mum
235 2578 401 2619 Achaei
440 2593 517 2636 per
553 2577 905 2634 Peloponnesum
947 2575 1301 2625 dominabantur,
1350 2592 1531 2632 quorum

79 2646 253 2688 foedere
285 2645 412 2688 multi
443 2644 595 2703 populi
624 2645 795 2701 vulgari
814 2643 972 2686 Doridi
1001 2642 1163 2684 assueti
1186 2643 1529 2685 continebantur.

22 2739 23 2742 =
83 2712 339 2772 Quanquam
380 2714 514 2770 igitur
553 2728 638 2754 non
686 2718 877 2765 constat,
927 2726 1036 2770 quae
1080 2709 1212 2752 fuerit
1255 2710 1531 2768 antiquorum
