1779 3079
208 197 303 246 160
740 195 814 241 De
846 191 1106 240 vocalibus.

209 334 354 384 σθαι),
387 346 512 390 quam
542 343 690 372 vocem
709 329 986 372 Mazoechius
1016 327 1204 386 pessime
1236 327 1538 384 interpretatus
1567 331 1648 379 est,

205 402 356 460 procul
395 398 525 440 dubio
566 404 631 438 est
667 414 744 456 pro
786 399 1029 447 ἐξειληθῶσι
1072 395 1124 437 ab
1164 396 1322 444 ἐξειλῶ,
1371 394 1427 435 cs.
1459 393 1648 450 Hesych.

208 469 398 518 ἑξιλλεῖν,
445 465 670 520 ἀπείργειν,
710 465 878 506 κωλύειν
917 471 960 506 et
989 465 1048 505 ibi
1080 464 1203 514 intt.‚
1249 462 1429 512 ἔξειλεῖν,
1471 461 1654 513 ἐκβαλεῖν

209 543 251 578 et
279 534 389 588 alia,
433 533 588 575 deinde
619 533 670 575 de
703 532 920 575 locutione
953 532 1003 574 C.
1037 532 1072 573 I.
1116 547 1182 572 nr.
1214 531 1270 573 92
1301 528 1370 570 ἐὰν
1400 530 1441 569 δὲ
1469 528 1654 580 πολέμιοι

210 606 433 659 ἰξείργωσι.
496 601 690 643 Eandem
723 601 897 658 stirpem
933 616 1029 642 cum
1060 617 1082 649 η
1113 615 1191 656 pro
1221 596 1392 655 vulgari
1423 612 1457 637 ει
1488 602 1529 638 et
1557 610 1654 637 cum

209 678 236 726 β
265 687 340 730 pro
373 670 584 727 digamma
616 685 741 727 supra
771 669 812 722 ξ.
848 667 888 721 5,
922 668 948 708 4
977 666 1164 709 vidimus
1195 666 1240 707 in
1270 664 1485 706 Laconica
1515 663 1654 720 Hesy-

210 740 297 782 chii
328 739 470 796 glossa
499 736 685 790 βήλημα,
729 735 919 788 κώλυμα,
954 734 1121 787 (Ῑράγμα
1152 734 1191 773 ἐν
1221 735 1408 785 ποταμῷ·
1454 730 1656 778 Λάκωνες

207 810 238 851 i.
258 824 296 850 e.
319 808 473 858 εἴλημα,
507 804 663 845 deinde
684 803 789 844 ibid.
815 804 842 845 8
863 803 908 844 in
930 802 1045 854 aliis,
1076 801 1151 843 ubi
1170 818 1193 854 7
1213 816 1289 858 pro
1316 800 1528 858 digamma
1551 799 1656 840 seri-

207 884 326 935 ptum
358 881 454 927 est,
495 871 739 913 incertioris
771 869 965 912 dialecti:
1011 872 1275 919 Γηλιᾶσθὰι,
1317 868 1563 921 κατέχεσθαι
1602 892 1655 898 -

210 942 516 995 Γηλοιμείὀυς,
553 939 882 991 συνειλημμένους
912 962 967 968 ——
1007 936 1283 988 Γηλιώμενοι,
1316 933 1574 988 κατεχόμενοι
1602 957 1656 963 —

209 1011 422 1060 Γὴλεσθαι
469 1005 590 1057 (cod.
640 1003 870 1060 γήνεσθαι)
890 1038 899 1053 ,
954 1005 1215 1060 κατέχεσθαι.
1290 1002 1551 1044 Lesbiacum
1594 1006 1660 1042 est

212 1078 366 1119 ἇπέλλω
397 1090 475 1132 pro
507 1073 670 1114 οἷπείλω.

326 1143 560 1198 βώλομαι
589 1156 666 1198 pro
694 1138 893 1193 βούλομαι
922 1145 987 1179 est
1011 1138 1055 1179 in
1077 1137 1192 1179 Cret.
1217 1136 1343 1191 2554,
1367 1135 1422 1179 ,26
1448 1160 1499 1167 -
1530 1135 1656 1190 2556,

207 1214 276 1256 49.
315 1212 367 1254 53
408 1237 462 1243 —-
506 1208 630 1251 3050.
664 1207 801 1261 3058,
850 1205 987 1260 (mad
1030 1204 1165 1262 (quod
1195 1204 1402 1246 Doricum
1431 1212 1607 1246 vocatur
1635 1219 1658 1244 a

210 1282 253 1324 J.
287 1280 364 1322 Gr.
397 1278 503 1332 243,
535 1277 589 1329 b,
629 1275 808 1317 Meerm.
841 1274 942 1324 659)
971 1289 1047 1331 pro
1077 1272 1201 1326 βουλή
1234 1271 1349 1313 Cret.
1383 1270 1515 1325 3049,
1555 1277 1657 1324 βω-

209 1348 335 1391 λεύω
369 1346 485 1388 Cret.
515 1344 640 1392 2554,
672 1343 755 1385 214
783 1369 837 1375 -—
867 1341 992 1396 2555,
1023 1341 1049 1384 8
1078 1367 1132 1373 -
1160 1339 1285 1390 2556,
1319 1340 1388 1382 75.
1449 1339 1660 1382 Lesbiaca

213 1423 314 1460 sunt
343 1414 564 1468 βόλλομαι,
596 1410 745 1465 fidam,
779 1409 972 1463 βολλεύω.

323 1481 502 1538 χήλιοι
532 1478 758 1521 severioris
785 1477 964 1519 Doridis
998 1492 1091 1518 esse
1119 1493 1197 1535 pro
1226 1477 1370 1530 χίλιοι,
1404 1491 1489 1516 uon
1521 1475 1659 1517 solum

215 1550 476 1593 Lesbiacum
506 1549 653 1602 χέλλιοι
683 1547 736 1588 L.
765 1546 783 1587 I
815 1548 855 1600 ξ.
879 1544 921 1598 8,
949 1545 1000 1593 8,
1037 1544 1111 1586 sed
1144 1545 1268 1585 etiam
1298 1543 1550 1584 Boeoticnm
1578 1545 1661 1598 χεί-

215 1625 295 1660 λιοι
325 1618 344 1659 Ι
389 1619 429 1670 Q.
464 1616 542 1668 39,
573 1615 600 1657 2
638 1614 796 1672 prodit.
868 1612 924 1653 Et
953 1613 997 1653 in
1029 1613 1247 1654 Laconico
1277 1611 1403 1652 titulo
1432 1626 1497 1652 nr.
1533 1611 1657 1663 1511,

215 1687 292 1745 qui
321 1685 495 1742 antiqua
527 1682 738 1739 scriptura
767 1681 926 1733 utitur,
972 1680 1038 1721 bis
1068 1680 1227 1737 legitur
1254 1684 1385 1733 χελιος
1422 1679 1452 1720 l.
1487 1679 1553 1720 12.
1590 1679 1657 1733 19,

214 1752 330 1811 quod
361 1767 493 1809 quum
524 1751 592 1791 vel
621 1751 769 1805 χηλίως
797 1749 867 1791 vel
894 1749 1050 1803 χειλίως
1091 1747 1358 1806 pronuntiari
1397 1746 1559 1804 possit,
1608 1746 1661 1788 il-

213 1821 290 1863 lud
317 1819 461 1861 verius
495 1817 666 1859 videtur
711 1816 784 1872 (de
818 1815 1069 1858 Fourmonti
1099 1822 1335 1857 commento
1364 1817 1515 1869 χιλίους
1543 1814 1573 1855 l.
1606 1814 1659 1854 22

218 1904 344 1945 supra
388 1885 574 1927 diximus
618 1903 682 1927 nr.
716 1887 771 1938 2,
809 1885 868 1935 d).
942 1883 1142 1924 Attamen
1182 1882 1225 1922 in
1253 1881 1368 1922 tahb.
1401 1881 1573 1922 Heracl.
1605 1881 1656 1921 B.

212 1955 281 1997 36.
312 1955 364 1995 37
395 1954 599 2010 leguntur
627 1953 753 2005 χίλιαι
782 1959 823 1991 et
853 1952 1062 2004 d'c‚·21').1ac,
1096 1965 1204 2007 quae
1233 1948 1354 1989 valde
1385 1964 1577 1990 veremur
1607 1964 1659 1990 ne

214 2021 439 2064 Maittairii
483 2018 723 2060 Britannici
766 2017 994 2073 fragmenti
1033 2016 1211 2058 editoris
1256 2016 1545 2073 negligentiae
1589 2017 1659 2058 de-

216 2091 395 2131 beantur
437 2103 513 2144 pro
553 2085 688 2140 χήλιαι
730 2094 770 2126 et
815 2084 1029 2139 ὸιςχήλιαι.
1103 2084 1153 2125 ln
1195 2083 1332 2125 titulis
1360 2084 1543 2126 mitioris
1572 2083 1659 2126 Do-

216 2157 338 2200 rismi
370 2171 452 2196 non
484 2154 542 2195 ita
571 2153 761 2209 antiquis
794 2160 858 2193 est
886 2155 1007 2206 χίλιοι
1036 2152 1123 2192 vid.
1156 2152 1197 2205 ξ.
1230 2152 1312 2203 22,
1345 2152 1386 2193 3.

328 2223 479 2280 Neque
512 2229 649 2262 tamen
690 2220 935 2278 ubicunque
967 2219 1116 2260 Lesbii
1149 2227 1243 2276 post
1274 2227 1508 2276 correptam
1538 2234 1660 2260 voca-

214 2294 300 2336 lem
331 2290 520 2348 liquidas
553 2289 849 2345 geminarunt,
886 2287 1074 2329 severior
1098 2286 1229 2328 Doris
1259 2306 1278 2335 η
1306 2303 1382 2343 pro
1405 2303 1436 2326 ει
1464 2287 1656 2343 protulit.

214 2360 366 2417 Neque
399 2357 511 2399 enim
542 2355 694 2397 Dorici
729 2374 748 2405 η
782 2356 917 2396 ullum
950 2356 1189 2412 exemplum
1221 2355 1363 2407 adest,
1398 2355 1471 2395 ubi
1501 2371 1521 2395 a
1552 2354 1659 2396 Les-

212 2428 299 2469 biis
329 2424 494 2482 liquida
526 2431 700 2481 propter
722 2423 905 2477 ejectum
937 2423 1019 2463 iota
1048 2423 1288 2480 geminatur
1309 2423 1361 2463 L.
1384 2423 1401 2462 l
1433 2422 1472 2475 ξ.
1493 2422 1535 2475 8,
1557 2423 1597 2464 5.
1616 2421 1656 2472 6,

217 2504 258 2537 ct
291 2496 466 2545 σπείρω,
523 2508 607 2532 non
645 2489 809 2541 σπήρω,
858 2490 1015 2545 legitur
1046 2491 1161 2530 Cret.
1194 2490 1305 2531 2556
1338 2505 1413 2547 pro
1448 2489 1659 2530 Lesbiaco

219 2564 393 2615 σπὲῤῥο).
442 2559 604 2600 Eodem
631 2558 841 2616 pertinet,
875 2558 987 2613 quod
1021 2558 1284 2615 grannnatiei
1316 2564 1538 2609 testantur,
1571 2556 1659 2598 Do·

214 2631 301 2670 rice
334 2644 418 2669 non
448 2643 541 2668 esse
569 2629 686 2675 ξῆνος
714 2641 790 2682 pro
820 2626 961 2672 ξεῖνος,
996 2628 1105 2673 ξείὀς
1134 2625 1292 2666 dictum
1318 2628 1385 2676 ¹⁰),
1416 2639 1658 2680 quanquam

260 2773 315 2802 lu)
367 2767 473 2801 Docti
502 2765 684 2808 cujusdam
713 2765 940 2807 grammatici
976 2764 1053 2804 trix
1081 2764 1208 2797 dubito
1235 2763 1323 2804 quin
1352 2762 1570 2797 herodiani)
1602 2765 1658 2796 lo-
