1779 3079
207 223 276 272 20
663 218 702 277 ᾗ.
740 219 786 267 2.
859 220 936 267 De
969 217 1193 266 fontibus.

210 356 328 400 tione
368 353 660 409 adhibendus,
718 350 772 397 ne
802 353 1015 396 Laconica
1055 361 1280 413 putemus,
1340 354 1449 410 quae
1489 351 1660 395 aliunde

212 423 386 477 ascivit,
416 422 486 465 vel
516 438 539 464 a
560 421 806 464 Laconibus
835 423 929 478 ejus
959 422 1107 463 aetatis
1138 421 1301 476 aliena,
1334 436 1442 478 quac
1469 419 1662 461 in'suum

214 508 339 534 usum
370 496 618 533 convertere
648 490 802 532 noluit.
879 490 1081 532 Ceterum
1121 490 1165 530 in
1196 489 1322 531 tertio
1353 488 1497 547 operis
1526 489 1663 529 nostri

210 560 324 601 libro
374 571 650 616 quaeremus,
706 574 812 616 quas
853 558 971 616 leges
1011 558 1055 600 in
1095 557 1288 600 dialectis
1328 555 1560 599 miscendis
1599 571 1664 597 se-

212 634 372 686 quutus
398 626 470 668 sit.

294 696 298 699 ’
327 695 634 753 Spartanorum
666 693 882 735 decretum
923 692 974 734 de
1006 708 1110 750 pace
1142 708 1237 734 cum
1267 691 1446 750 Arg-ivis
1478 691 1665 734 ineunda

212 763 327 822 apud
354 762 652 819 Thucydidem
682 762 733 802 L.
765 761 808 801 V
848 777 885 801 c.
918 762 972 802 77
1012 761 1225 802 Laconica
1263 761 1445 801 dialecto
1476 760 1664 802 conscri-

211 839 334 889 ptum
365 830 499 871 fuisse
528 836 704 887 apparet
734 845 757 870 e
781 828 923 870 verbis
956 831 1013 867 τῶ
1044 831 1121 868 σιῶ
1153 829 1330 880 σύματος
1360 844 1438 885 pro
1468 830 1542 871 τοῦ
1561 830 1666 870 θεοῦ

209 899 423 952 θύματος,
467 897 680 939 Laconica
717 895 979 954 proprietate
1020 894 1278 950 insignibus.
1351 895 1574 937 Nonnulla
1606 903 1664 936 ta·-

203 983 310 1009 ·men
352 966 421 1020 {el
458 964 728 1021 Thucydidis
772 963 841 1005 vel
879 961 1154 1004 librariorum
1192 962 1317 1020 culpa
1354 963 1406 1003 ad
1444 963 1664 1020 vulgarem

209 1035 420 1077 ratione-”m
445 1033 616 1074 redacta
645 1039 760 1073 sunt.
832 1031 904 1072 Illi
933 1030 1161 1071 tribuimus
1193 1030 1404 1087 digamma
1433 1031 1479 1072 in
1511 1033 1666 1072 εἴκωιτι

212 1102 444 1154 omissum,
497 1100 565 1141 his
596 1117 642 1141 ov
672 1099 845 1158 saepius
874 1114 953 1156 pro
984 1099 1202 1140 Laconico
1233 1116 1262 1139 ω
1301 1098 1509 1156 scriptum
1548 1106 1665 1151 (nam

209 1168 487 1225 Thucydides
524 1168 743 1226 antiquam
783 1167 1036 1224 scripturam
1076 1174 1284 1224 sequutus
1330 1174 1559 1225 utrumque
1597 1183 1664 1209 ea-

211 1237 308 1279 dem
337 1237 460 1277 litcra
492 1253 512 1278 o
544 1236 808 1294 expressisse
838 1235 1057 1288 videtur),
1101 1234 1317 1276 nescimus
1358 1234 1481 1276 illine
1512 1251 1566 1276 an
1596 1235 1664 1276 his

211 1304 483 1360 ἀναιροῦντας
522 1320 607 1361 pro.
632 1303 847 1345 Laconico
881 1303 1141 1357 ἇναιριόιιτας
1171 1309 1213 1343 et
1242 1304 1459 1344 ἑσσοῦνται
1486 1319 1565 1360 pro
1597 1304 1666 1343 30-

211 1375 383 1414 σίουται.
454 1372 649 1413 Pessime
690 1372 742 1413 de
771 1370 952 1411 dialecto
982 1378 1024 1411 et
1050 1370 1182 1425 hujus
1213 1370 1375 1412 decreti
1406 1377 1447 1412 et
1476 1370 1664 1412 foederis

208 1441 268 1495 V,
300 1442 379 1495 79,
428 1440 543 1498 quod
569 1439 832 1496 Argivorum
862 1437 1053 1494 linguam
1084 1439 1238 1492 refert,
1265 1438 1477 1493 judicavit
1507 1439 1662 1497 Poppo

206 1508 344 1550 Proll.
376 1507 518 1549 Thuc.
552 1508 573 1549 I
603 1524 647 1564 p.
677 1508 786 1560 234,
840 1511 980 1563 neque
1012 1505 1239 1563 quisquam
1271 1505 1510 1560 intellexit,
1559 1506 1664 1564 quid

205 1577 436 1618 interesset
455 1575 568 1616 inter
590 1575 751 1617 decreti
773 1582 814 1616 et
835 1573 1020 1615 foederis
1044 1573 1288 1614 dialectum.
1332 1573 1477 1626 Quare
1501 1581 1661 1616 utrum-

207 1661 290 1702 que
321 1644 365 1685 in
396 1642 654 1701 Appendicc
684 1641 826 1683 denuo
857 1641 1117 1683 recensitum
1148 1641 1461 1683 exhibebimus.

317 1711 668 1768 Insignissimum
693 1709 937 1751 Laconicae
969 1709 1140 1750 dialecti
1169 1709 1387 1767 specimen
1406 1709 1661 1768 Aristopha-

203 1796 282 1822 nes
313 1780 438 1821 nobis
469 1779 677 1836 reliquit,
702 1779 929 1820 Laconum.
952 1777 1187 1818 orationem
1217 1777 1261 1818 in
1293 1777 1530 1834 Lysistrata
1558 1778 1660 1821 satis

204 1855 400 1889 accurate
430 1847 645 1899 imitatus,
672 1849 948 1902 quanquam,
981 1845 1019 1886 s'i
1041 1861 1124 1902 qua
1151 1852 1326 1901 peccata
1356 1845 1579 1898 videntur,
1611 1862 1660 1888 ea

206 1914 298 1955 noli
339 1914 480 1955 omnia
520 1912 710 1955 librariis
747 1913 974 1969 imputare.
1025 1934 1071 1940 -
1147 1911 1292 1953 Simili
1321 1913 1446 1953 modo
1478 1912 1658 1970 Eupolis

203 1982 250 2022 in
289 1981 520 2023 Helotibus
558 1979 767 2034 (Meinek.
812 1980 1024 2034 Fragmm.
1067 1979 1235 2020 Comm.
1280 1979 1357 2020 Gr.
1408 1980 1450 2021 II
1496 1997 1539 2038 p.
1573 1982 1654 2025 481

203 2051 348 2106 seqq.)
394 2056 435 2089 et
475 2048 684 2106 Epilycus
725 2047 768 2088 iu
813 2046 1061 2099 Coraliseo,
1125 2046 1248 2101 cujus
1288 2048 1573 2104 fragmentum
1610 2049 1656 2090 in

202 2116 459 2174 Appendice
488 2115 753 2157 emendatius
783 2129 1074 2171 apponemus,
1106 2114 1319 2156 Laconica
1348 2116 1557 2158 nonnulla
1577 2116 1656 2159 At-

202 2184 300 2226 ticis
329 2184 722 2225 intermiscuerunt.

205 2272 209 2283 ι
255 2286 258 2290 .
317 2251 526 2294 Chilonis
545 2250 726 2307 epistola
756 2248 868 2305 apud
897 2247 1030 2304 Diog.
1057 2248 1199 2291 Laert.
1234 2251 1280 2303 I,
1311 2250 1366 2293 73
1396 2251 1543 2309 spuria
1571 2259 1653 2306 est,

201 2334 453 2376 quanquam
467 2318 722 2360 Laconicam
750 2316 976 2357 dialectum
1005 2315 1208 2359 imitatur.
1251 2318 1408 2360 Variae
1430 2319 1531 2361 fidei
1554 2326 1656 2361 sunt:

203 2387 466 2439 cantilenae,
517 2385 747 2443 epistolae,
795 2383 1150 2439 apophthegmata
1183 2387 1400 2428 Laconum
1432 2402 1454 2427 a
1486 2387 1653 2429 Plutar-

204 2456 284 2496 cho
314 2454 583 2512 potissimum
613 2460 799 2506 servata,
833 2470 1013 2510 quorum
1045 2470 1118 2507 ea,
1152 2470 1258 2512 quae
1281 2454 1537 2496 Laconicam
1567 2455 1652 2497 dia-

200 2521 540 2578 lectumpaullo
574 2521 818 2563 accuratius
868 2521 1138 2579 exprimunt,
1186 2522 1231 2563 in
1270 2521 1527 2579 Appendice
1566 2522 1652 2566 col·

199 2589 398 2646 ligemus.
527 2594 529 2598 “

310 2657 542 2699 Decretum
572 2655 616 2697 in
645 2655 918 2697 Timotheum
955 2671 977 2695 a
1009 2656 1329 2712 grammatieulo
1360 2656 1503 2697 fictum
1535 2673 1646 2712 csse,

197 2724 272 2784 qui
303 2740 433 2782 quum
464 2723 670 2765 nonnulla
700 2723 750 2764 dc
771 2723 979 2765 Laconica
1012 2723 1192 2766 dialecto
1215 2724 1341 2765 fando
1364 2723 1645 2782 percepisset,

194 2791 398 2850 pleraque
429 2790 688 2834 foedissimis
708 2791 924 2834 erroribus
946 2798 1158 2848 turparet,
1190 2791 1410 2834 verissime
1430 2791 1643 2835 Miillerus

1720 2563 1740 2652 ἓ

1717 2654 1738 2742 Ξ

1718 2753 1736 2797 ‚t
