1779 3079
353 153 394 213 §.
417 154 495 202 44.
546 155 619 201 De
644 149 881 200 adverbiis
910 151 1004 199 loci
1034 160 1080 197 et
1107 148 1350 212 temporis.
1480 147 1579 198 377

131 286 260 345 3049)
294 288 514 342 κοσμόντες
543 290 812 343 (κοσμιόντες,
837 288 1114 338 κοσμοῦντες).
1161 286 1211 327 In
1228 283 1369 326 Rhod.
1389 282 1577 336 2525,Ι).

68 408 70 410 v
130 357 183 398 85
224 356 367 398 minus
407 357 568 399 Dorice
606 364 671 398 est
712 356 776 397 ὅτε
816 355 861 394 δέ
899 371 965 394 κα.
1027 353 1198 396 Deinde
1231 353 1344 410 apud
1373 351 1580 409 Epichar-

132 440 248 466 mum
279 424 378 466 ποκ’
412 423 684 466 indefinitum
716 429 781 469 est
813 422 866 462 fr.
888 421 969 473 94,
1003 420 1154 461 οἰὲηοκ’
1187 428 1227 462 et
1257 420 1480 462 οὐπώποκα
1508 419 1580 471 94,

131 491 246 548 apud
278 492 546 549 Sophronem
577 492 629 531 fr.
663 489 731 532 50.
766 490 819 532 54
851 487 1124 529 indefinitum
1153 487 1288 537 ποκά,
1334 488 1387 528 fr.
1423 487 1444 528 1
1486 485 1580 535 ὅκα,

131 558 243 614 apud
274 559 530 600 Alcmanem
557 557 668 599 ποκά
701 558 768 599 13.
801 558 870 599 25.
906 557 994 605 (23.
1027 556 1126 607 82),
1176 556 1252 596 ὅκα
1287 557 1351 596 14.
1389 555 1456 597 59.
1491 554 1580 606 (25.

130 627 230 677 24),
278 626 467 682 Lysistr.
512 625 590 667 105
631 624 766 678 ποκά,
817 625 921 665 1251
967 623 1076 672 ὅκα,
1123 624 1314 663 Acharn.
1350 623 1432 664 720
1472 621 1582 675 ὄκατ,

130 693 243 750 apud
274 692 553 734 Theocritum
585 692 694 734 πόκα
725 691 1079 747 interrogativum
1111 690 1191 739 IV,
1220 690 1260 731 7.
1292 689 1347 738 V,
1375 690 1444 731 39.
1477 689 1582 742 XV,

130 761 211 808 44,
243 759 353 801 ποκά
385 760 656 801 indefinitum
690 759 967 817 saepissime,
1002 758 1138 800 ὁπόκα
1157 757 1296 810 ΧΙΙΙ,
1331 758 1383 798 12
1413 764 1454 798 ct
1484 773 1584 798 con-

132 843 237 869 sona
275 828 419 869 minus
462 828 625 869 Dorice
667 828 879 884 geminata
922 826 1086 869 ὁππόκα
1115 825 1181 874 V,
1213 825 1298 879 98,
1347 824 1448 865 τόκα
1478 824 1583 877 Vll,

134 895 214 936 154
259 902 369 944 etc.,
418 895 495 936 ὅκα
531 896 757 936 relativum
800 911 952 953 saepe,
1007 893 1084 936 ὁκὰ
1122 894 1191 945 μέν
1232 917 1287 922 —
1334 892 1485 933 ἅλλοκα
1527 892 1583 940 ὸέ,

133 963 284 1004 modo
314 987 368 993 —
398 963 554 1004 modo
585 964 633 1016 Ι,
665 962 733 1005 36.
768 963 849 1016 IV,
878 963 955 1015 17,
991 962 1143 1002 ἅλλοκα
1173 961 1242 1013 μέν
1272 987 1326 992 -—
1360 960 1512 1000 ἄλλοκα
1546 960 1592 999 ὁέ

131 1029 211 1079 IV,
244 1030 313 1071 43.
385 1031 610 1072 Postremo
650 1038 798 1072 notatu
842 1030 1022 1087 dig-num
1063 1036 1127 1071 est
1165 1028 1278 1085 apud
1318 1027 1588 1084 Hesychium

132 1096 351 1147 ἔστυκα,
385 1098 510 1139 ἐνιότε
539 1097 653 1153 παρὰ
686 1099 953 1152 Ταραντίνοις
983 1097 1013 1138 i.
1033 1113 1069 1138 e.
1105 1095 1204 1136 ἔσθ’
1237 1096 1337 1144 ὅκα,
1372 1095 1471 1136 ἔσθ’
1504 1095 1583 1137 ὅτε.

131 1189 186 1193 --
243 1164 341 1207 Νοη
383 1172 497 1206 recte
528 1165 764 1206 Dorienses
806 1164 850 1206 in
892 1165 969 1206 ὅκα
1010 1163 1194 1206 subinde
1232 1180 1255 1203 κ
1288 1163 1533 1222 geminasse
1565 1179 1588 1205 a

134 1232 422 1289 grammaticis
452 1232 705 1285 traduntur7
746 1232 831 1274 vid.
864 1232 907 1285 ξ.
937 1232 1018 1285 45,
1051 1233 1092 1273 3.

250 1300 319 1350 14)
371 1299 592 1341 Adverbia
624 1300 766 1342 modi
800 1300 845 1341 in
882 1317 936 1347 ως
966 1298 1167 1341 exeuntia
1198 1314 1295 1340 cum
1325 1298 1494 1356 vulgari
1524 1314 1588 1340 ra-

132 1367 250 1408 tione
277 1383 404 1424 saepe
433 1375 612 1409 accentu
645 1367 850 1409 differunt
879 1367 966 1408 vid.
1000 1368 1041 1421 §.
1075 1368 1126 1416 3,
1158 1367 1200 1410 9.
1275 1366 1404 1408 Nune
1435 1367 1481 1408 id
1512 1383 1589 1425 po-

133 1434 348 1475 tissimum
380 1435 424 1476 in
455 1435 702 1477 memoriam
733 1442 978 1478 revocatum
1010 1436 1236 1488 volumus,
1279 1451 1356 1489 ea,
1399 1451 1507 1492 quae
1536 1435 1588 1477 ab

133 1502 350 1545 adverbiis
393 1503 636 1555 ducuntur,
696 1502 1021 1544 circumflexum
1063 1503 1109 1544 in
1151 1503 1431 1560 penultimam
1479 1503 1589 1544 asci-

136 1585 283 1624 scere,
325 1572 477 1619 οὑτῶς,
524 1570 675 1618 α’λλῶς,
716 1574 901 1620 παντῶς,
943 1586 1022 1611 nec
1052 1570 1222 1624 minus,
1265 1571 1302 1611 si
1332 1578 1446 1612 recte
1470 1571 1589 1626 judi-

134 1637 326 1679 cavimus
358 1639 495 1688 ὁποῖς,
543 1638 702 1695 quibus
735 1638 867 1685 αὐταῖς
896 1637 1141 1678 addendum
1172 1653 1294 1690 6556,
1342 1654 1589 1696 quanquam

133 1721 252 1746 nunc
282 1705 460 1761 vulgare
493 1706 623 1753 αὔτως
652 1706 765 1763 apud
795 1705 1074 1747 Theocritum
1116 1713 1228 1746 extat
1257 1705 1328 1758 ΙΙ,
1363 1706 1458 1748 133.
1503 1706 1587 1760 ΙΙΙ,

135 1773 204 1815 30.
239 1772 296 1821 V,
328 1772 409 1826 40,
453 1788 503 1815 eo
535 1772 673 1829 magis
704 1773 987 1827 confidimus,
1031 1772 1149 1830 quod
1179 1772 1321 1829 ipsum
1351 1789 1589 1830 pronomen

135 1848 355 1897 oxytonon
396 1847 476 1881 est.
550 1840 947 1882 Demonstrativum
988 1840 1066 1881 ὧδε
1111 1840 1265 1897 Epich.
1307 1841 1376 1883 18.
1410 1842 1464 1883 99
1505 1849 1586 1882 etc.

136 1923 189 1949 ex
231 1908 333 1955 ώςδε
372 1909 531 1949 factum
571 1917 660 1960 est,
704 1915 752 1949 ut
794 1909 944 1965 vulgo.
1024 1907 1146 1961 Quae
1187 1924 1272 1950 vox
1315 1908 1431 1965 quod
1475 1909 1590 1966 apud

135 1974 415 2016 Theocritum
447 1991 576 2033 saepe
606 1976 789 2017 locativa
818 1982 1032 2033 potestate
1073 1976 1208 2017 utitur
1248 1975 1338 2018 hic
1378 1983 1420 2018 et
1458 1977 1588 2029 huc,

136 2042 209 2084 vix
238 2058 260 2083 e
284 2042 448 2084 Doride
478 2045 628 2086 hausta
658 2051 738 2085 est.
811 2043 1058 2085 Relativum
1095 2044 1172 2093 οἷς,
1214 2060 1293 2101 pro
1329 2060 1415 2102 quo
1456 2045 1590 2087 semel

137 2109 217 2157 τώς
246 2110 404 2165 legitur
432 2111 624 2152 Acharn.
651 2111 734 2154 728
764 2114 871 2169 (quo
902 2112 1143 2170 respiciens
1175 2112 1413 2169 Gregorius
1442 2129 1486 2169 p.
1506 2112 1590 2154 243

137 2178 347 2221 Doricum
379 2194 473 2219 esse
503 2178 727 2234 affirmat),
759 2180 908 2222 eodem
940 2180 1090 2229 modo,
1124 2179 1200 2237 qui
1229 2179 1275 2220 in
1310 2178 1386 2219 ὧδε
1417 2179 1590 2237 conspi-

138 2246 273 2298 citur,
307 2244 443 2302 sigma
473 2246 624 2301 abjicit
653 2248 697 2287 in
727 2247 826 2302 ὦτε,
859 2247 977 2306 quod
1007 2263 1030 2288 a
1059 2247 1349 2303 grammaticis
1379 2246 1590 2288 Doricum

139 2314 321 2366 dicitur,
355 2314 550 2370 exemplo
580 2313 862 2369 Alemanico,
894 2322 942 2356 ut
969 2315 1141 2356 videtur
1170 2314 1276 2365 (vid.
1306 2312 1422 2354 Mus.
1442 2314 1586 2357 Rhen-

139 2381 227 2422 VII
256 2396 299 2437 p.
332 2381 459 2434 234),
493 2380 638 2423 addito
657 2385 723 2433 ¹5).
783 2383 904 2425 Idem
936 2383 1049 2441 apud
1078 2381 1312 2424 Pindarum
1343 2381 1469 2423 libris
1498 2383 1587 2440 ple-

188 2566 245 2605 15)
296 2564 470 2607 Apollon.
487 2563 533 2596 de
549 2574 653 2605 pron.
680 2567 736 2607 61,
764 2566 804 2599 Β.
853 2566 885 2600 οἱ
910 2568 943 2600 δὲ
968 2568 1197 2612 βαριτονοῧσι
1220 2564 1259 2598 τὸ
1287 2562 1311 2609 ᾧ
1335 2566 1460 2608 (Pind.
1490 2570 1530 2602 fr.
1554 2573 1588 2613 l)

141 2622 299 2666 Δωρικῶς
327 2621 500 2661 δεχόμενοι.
524 2620 601 2654 ἀντὶ
624 2625 688 2656 τοῦ
712 2622 774 2662 ὦς,
812 2622 934 2664 ὁμοίως
960 2627 1007 2667 τῷ
1066 2621 1089 2655 ὦ
1114 2636 1149 2655 τε
1173 2626 1330 2668 χερνᾶτις
1356 2625 1450 2666 (cod.
1476 2640 1588 2672 χερνι-

141 2682 213 2722 της)
246 2678 331 2720 γυνά
358 2677 456 2711 οὐδὲν
489 2681 792 2724 προμαθιοι·μένα.
833 2702 869 2706 -—
925 2682 980 2715 Id.
1016 2681 1061 2714 de
1096 2688 1192 2725 synt.
1221 2683 1306 2724 156,
1332 2683 1375 2715 20
1408 2683 1452 2716 ad
1489 2684 1588 2719 idem

141 2737 296 2770 Pindari
337 2737 596 2780 fragmentum:
635 2739 715 2772 ἔνιοι
747 2740 859 2780 μέντοι
893 2739 934 2773 τὸ
966 2738 989 2772 ὦ
1016 2738 1279 2785 ἐπιῤῥηματικὸν
1303 2739 1511 2780 ἐκδεξάμενοι
1546 2762 1587 2767 -
