1779 3079
422 229 465 289 §.
504 229 583 279 48.
654 229 728 276 De
764 227 962 274 mitiore
996 224 1192 274 Doride.
1430 223 1528 273 413

79 366 207 410 etiam
234 364 362 409 verba
392 371 607 406 contracta
637 370 679 404 et
709 361 850 402 futura
880 360 1042 416 tangit,
1083 359 1254 401 differre
1285 358 1454 401 videtur
1482 366 1530 400 ut

80 435 392 488 ΒΙοιραγένευς,
438 430 769 486 προωνεύμενος,
814 429 1080 468 &maumam
1148 426 1395 469 Infinitivus
1427 442 1528 468 con-

74 501 318 560 jugationis
349 501 396 542 in
426 518 470 553 μι
497 497 795 541 terminatione
826 494 995 553 vulgari
1021 496 1156 536 utitur
1178 503 1226 537 ut
1253 494 1394 547 δόμεν,
1428 495 1529 536 item

79 569 204 611 tertia
233 568 415 626 pluralis
445 565 649 609 infinitivi
681 572 726 606 ut
763 563 919 618 δόντως
952 571 1236 604 extremarum
1268 563 1529 621 syllabarum

79 636 294 694 correptio
326 651 412 677 non
443 641 686 690 usurpatur.

191 741 231 790 c)
273 739 645 780 Theraeorum
681 735 887 777 dialectus
918 749 940 775 a
970 733 1141 791 vulgari
1160 733 1325 775 Doride
1346 734 1530 775 maxime

79 808 339 864 syllabarum
370 805 564 846 finalium
596 804 867 860 correptione
899 801 1183 857 distinguitur
1211 807 1259 842 ut
1287 800 1357 849 τὸς
1391 802 1529 855 νόμος,

79 876 210 928 λε’γες,
243 873 367 922 θύεν,
404 872 547 926 dyaye'v
577 871 662 912 vid.
695 871 736 923 ξ.
760 872 841 926 213
875 870 1032 912 deinde
1061 869 1211 910 tertiae
1241 869 1423 926 pluralis
1455 869 1531 909 im-

78 942 258 1000 perativi
290 939 590 983 terminatione
620 957 674 979 ων
704 947 751 980 ut
781 938 952 993 ἐχόντων
971 969 982 990 ,
1022 938 1313 992 πορευέσθωυς
1360 937 1532 978 vocales

80 1026 121 1051 εο
155 1026 240 1050 ιιοιι
272 1009 520 1050 coalescunt
550 1007 594 1048 in
626 1023 667 1046 ευ
697 1006 782 1047 nisi
815 1007 859 1047 iu
891 1005 1145 1047 nominibus
1181 1021 1277 1046 cum
1300 1008 1398 1055 κλῆς
1419 1021 1531 1046 com-

77 1076 233 1135 positis
268 1083 315 1116 ut
342 1075 565 1123 Ἰσοκλεῦς,
600 1091 730 1131 quum
763 1075 807 1115 in
841 1074 1026 1131 reliquis
1057 1072 1264 1129 genitivis
1294 1082 1335 1114 ct
1366 1073 1411 1113 in
1438 1089 1532 1114 vcr-

77 1144 145 1186 bis
180 1161 225 1184 ου
256 1151 480 1196 nascatur,
530 1150 574 1182 ut
608 1143 908 1196 ΙῙραξιτέλους,
953 1140 1263 1194 ιῖςιαιρούιτων,
1311 1142 1529 1189 ὃεξοῦυται.

23 1238 25 1267 5
78 1212 326 1253 Infinitivus
367 1210 687 1266 conjugationis
732 1210 775 1250 in
813 1227 858 1262 μι
896 1209 1118 1266 vulgarem
1149 1209 1355 1250 Doricam
1385 1208 1534 1249 termi-

23 1283 25 1291 ⁴
78 1279 298 1320 nationem
330 1286 472 1320 servat
502 1286 547 1318 ut
578 1276 711 1330 δόμεν.
745 1303 798 1308 -
842 1277 944 1319 Coi
975 1293 1070 1318 cum
1101 1277 1311 1318 'Pheraeis
1337 1275 1533 1318 finalium

23 1366 25 1387 :
78 1347 341 1404 syllabarum
372 1346 685 1403 correptionem
716 1361 984 1387 communem
1016 1345 1252 1398 habebant,
1283 1352 1330 1385 ut
1360 1352 1534 1402 apparet

79 1431 102 1455 e
140 1414 267 1456 titulo
308 1430 373 1455 nr.
406 1414 533 1456 2508.
596 1413 686 1454 Eos
717 1413 856 1470 inagis
889 1429 1015 1470 qnam
1047 1412 1270 1454 Theraeos
1304 1412 1533 1469 diphthon-

24 1507 25 1510 =
82 1499 184 1539 gum
218 1499 259 1522 w
289 1481 579 1523 contrahendo
622 1481 843 1534 effecisse,
888 1482 979 1523 noli
1013 1497 1035 1522 e
1066 1497 1133 1522 nr.
1163 1481 1274 1523 2513
1305 1480 1529 1538 colligere.

77 1550 142 1592 Ea
175 1550 288 1591 enim
322 1549 575 1606 inscriptio,
609 1566 736 1607 quam
758 1549 1047 1590 Fourmontus
1080 1557 1225 1607 aperto
1257 1564 1399 1590 errore
1422 1547 1533 1588 Chio

77 1617 254 1671 tribuit,
289 1617 534 1658 Boeckhins
569 1633 590 1657 e
623 1618 869 1671 conjectura
899 1618 1011 1658 inter
1033 1616 1145 1658 Coas
1174 1616 1344 1674 posuit,
1376 1615 1532 1657 Rhodo

77 1685 336 1727 vindicanda
366 1700 461 1726 esse
491 1684 663 1726 videtur
694 1685 751 1725 cf.
787 1701 852 1726 nr.
885 1684 1012 1727 2545.
1045 1684 1172 1728 2546.

189 1787 288 1841 Quo
317 1787 747 1844 Anaphaeorum
785 1787 938 1843 lingua
967 1787 1192 1829 referenda
1222 1787 1304 1841 sit,
1351 1803 1440 1829 non
1469 1803 1532 1829 sa-

75 1855 132 1896 tis
162 1862 352 1913 apparet.
415 1855 599 1912 Propter
641 1863 799 1896 arctam
843 1871 939 1896 cum
972 1856 1183 1897 Thoracis
1213 1855 1530 1911 cognationem,

75 1923 129 1964 de
176 1939 258 1980 qua
302 1922 401 1964 vide
444 1922 653 1965 Rossiuni
698 1923 744 1964 in
787 1923 915 1965 Actis
955 1924 1218 1965 Academiae
1255 1922 1533 1964 Monacensis

74 1990 191 2032 Hist.
224 1990 341 2032 Phil.
387 1990 496 2032 ’1837
534 2008 577 2048 p.
610 1991 690 2033 401
726 2007 879 2048 seqq.‚
925 1992 1109 2033 similem
1141 1992 1361 2033 Theraeae
1402 1991 1532 2032 diale-

75 2065 189 2098 ctum
220 2058 334 2115 apud
358 2059 619 2115 Anaphacos
652 2059 938 2116 suspicamur.
998 2059 1134 2102 Nullo
1164 2068 1304 2101 tamen
1336 2059 1532 2115 exemplo

74 2124 316 2178 indicatur,
347 2132 491 2167 utrum
523 2134 733 2168 extremas
764 2127 952 2184 syllabas
985 2127 1299 2185 eorripnerint,
1340 2127 1385 2168 id
1416 2125 1532 2184 quod

75 2191 286 2234 Theraeis
318 2193 546 2249 praecipue
577 2195 794 2251 peculiare
828 2203 919 2249 est,
966 2212 1132 2250 necnc3
1184 2212 1225 2236 «ευ
1251 2196 1296 2236 in
1327 2193 1532 2251 genitivis

76 2260 247 2317 saepius
279 2275 404 2316 quam
434 2260 620 2303 Theraei
652 2263 944 2313 admiserunt,
978 2272 1026 2305 ut
1059 2263 1397 2314 Τελεσικράῑευςς
1428 2277 1532 2302 num

75 2328 203 2369 ctiam
243 2328 289 2368 in
319 2327 489 2381 verbis,
534 2345 621 2371 nou
658 2338 788 2387 patet.
864 2331 1098 2373 Infinitivis
1131 2329 1454 2387 conjugationis
1485 2328 1532 2369 in

76 2413 122 2448 μι
150 2394 341 2450 vulgaris
375 2395 620 2437 terminatio
659 2405 723 2438 est
763 2406 809 2439 ut
851 2400 1046 2450 δοῧῆμειι.
1089 2427 1142 2432 -
1213 2397 1363 2439 Minus
1403 2397 1531 2438 etiam

75 2469 271 2504 accurate
302 2461 353 2503 de
385 2462 685 2505 Meliorum
725 2465 909 2507 dialecto
942 2474 1131 2516 constat,
1175 2482 1308 2522 quum
1338 2482 1360 2507 e
1391 2464 1530 2506 titulis

75 2529 189 2572 nihil
218 2537 418 2586 appareat
447 2529 533 2570 nisi
561 2530 732 2572 mitiore
754 2533 921 2576 Doride
953 2550 1056 2576 usos
1089 2549 1184 2575 esse
1215 2532 1433 2589 genitivos
1465 2549 1529 2574 se-

75 2597 242 2640 cundae
273 2596 575 2639 declinationis
617 2598 662 2638 in
705 2615 752 2640 ου
789 2602 1074 2655 terminante3
1119 2601 1165 2641 in
1196 2599 1529 2657 Pholegandriis

75 2664 436 2723 inscriptionibus
467 2681 522 2706 ne
553 2681 691 2722 genus
722 2669 900 2725 quidem
930 2669 1112 2710 Doridis
1144 2668 1334 2710 discerni
1369 2675 1526 2725 potest.
