1779 3079
337 230 374 289 §.
409 232 488 281 31.
549 233 622 278 De
653 229 967 277 declinatione
994 230 1225 276 anomala.
1408 226 1508 275 245

63 366 233 408 dicitur.
309 368 457 425 ltaque
498 367 714 424 antiquam
747 371 788 406 et
819 364 1048 421 genuinam
1081 364 1288 406 Doridem
1324 364 1507 405 ΙΙοτῐδάν

61 435 390 492 pronuntiasse,
438 443 483 476 ut
520 437 663 476 Fluau
706 449 784 490 pro
823 431 997 479 lonico,
1048 433 1191 474 Attico
1222 440 1264 474 et
1296 432 1507 474 Lesbiaco

62 503 216 551 εἴκοσι,
251 504 305 543 cs.
340 503 380 555 ξ.
404 504 483 549 22,
517 503 566 554 3,
599 508 759 542 certum
793 499 998 540 babemus
1032 515 1109 541 uec
1139 500 1383 541 dubitamus
1406 500 1507 540 Pin-

63 569 166 611 daro
195 570 448 627 optimorum
495 569 703 610 librorum
744 567 970 609 lectionem
1011 569 1238 615 Ποτῖὸᾶιός
1268 568 1505 609 restituere.

62 637 214 695 Neque
259 638 432 679 omnino
479 636 666 677 secunda
712 637 845 676 forma
891 634 1095 677 Ποτειδὰν
1145 635 1245 675 satis
1288 636 1508 676 luculenta

62 706 312 747 auctoritate
350 706 637 746 confirmatur.
715 704 858 744 Facile
890 701 1002 744 enim
1035 702 1373 755 existimaveris,
1421 703 1509 743 He-

62 773 285 814 rodianum
317 791 358 813 π.
392 791 434 825 μ.
468 778 530 822 λ.,
564 773 637 829 qui
671 774 694 812 ὁ
723 771 765 811 in
796 773 815 811 ἱ
848 771 1001 812 mutari
1032 770 1192 811 docens
1225 770 1331 810 nibil
1365 770 1416 810 de
1448 769 1508 809 di-

60 842 282 898 phthongo
325 848 481 881 mutata
522 839 679 891 tradit,
727 839 867 880 minus
898 845 1094 879 accurate
1134 838 1322 878 locutum
1362 844 1402 878 et
1442 853 1508 877 co-

61 907 172 949 dicis
212 908 422 949 lectiones
455 908 666 949 [Ιοσειὴάυ
706 915 833 965 atque
873 906 917 946 iu
959 906 1197 963 fragmento
1227 905 1509 962 Epicharmeo

64 977 323 1023 Ποσειδᾶνος
364 992 386 1017 e
420 976 603 1017 Ποτιὸάν
643 984 684 1016 et
726 976 986 1027 Ποτιὸᾶνος,
1048 989 1132 1015 nou
1174 989 1196 1014 e
1230 972 1432 1014 Ποτειδὰν
1471 980 1511 1012 et

65 1046 317 1091 Ποτειδᾶνος
347 1051 544 1099 corrupta
575 1058 685 1083 esse.
748 1042 843 1084 Jam
875 1049 1006 1083 restat
1026 1042 1133 1083 mira
1165 1040 1395 1081 accusativi
1428 1040 1507 1080 sor-

60 1127 128 1152 ma
160 1113 341 1153 Ποτειδᾶ
372 1112 563 1152 Acharn-
596 1111 703 1161 764,
752 1126 876 1166 quam
919 1126 941 1149 e
976 1110 1215 1150 ΙΙοσειδᾶνα
1256 1115 1394 1149 natam
1434 1123 1510 1164 pu-

60 1186 152 1220 tant
182 1188 227 1220 ut
260 1181 453 1220 Ποσειδῶ
493 1195 514 1219 e
551 1179 810 1219 Ποσειδῶνα.
891 1178 950 1218 At
990 1184 1036 1217 ut
1074 1177 1178 1217 haec
1217 1191 1406 1233 apocope
1444 1174 1513 1216 vel

60 1247 204 1304 potius
244 1245 506 1297 contractio,
553 1262 637 1303 qua
677 1246 948 1286 accusativus
980 1244 1024 1284 in
1058 1261 1089 1284 ω
1120 1243 1269 1285 exiens
1299 1242 1511 1300 gignitur,

60 1314 208 1356 multis
238 1314 450 1372 analogiis
483 1315 640 1364 utitur,
692 1313 745 1354 ita
785 1313 859 1354 illa
892 1311 1127 1370 singularis
1159 1318 1224 1352 est
1253 1319 1379 1367 atque
1412 1309 1511 1351 soli-

59 1382 180 1424 taria.
242 1383 392 1440 Itaque
423 1398 472 1423 eo
503 1382 790 1432 inclinamus,
826 1389 871 1421 ut
901 1380 1089 1422 Aldinae
1119 1379 1348 1421 lectionem
1380 1378 1513 1418 ποτεί-

62 1451 136 1491 ὃαν
176 1451 370 1508 proxime
411 1451 461 1491 ad
502 1466 647 1491 verum
691 1449 893 1490 accedere
927 1455 967 1490 et
996 1466 1017 1488 ν
1049 1454 1224 1505 propter
1253 1446 1387 1487 Attici
1426 1450 1512 1485 Πο-

63 1519 185 1559 σειδῶ
215 1519 456 1576 analogiam
489 1518 531 1559 in
564 1517 782 1575 plerisque
815 1517 940 1558 libris
972 1516 1184 1571 abjectum
1224 1530 1347 1566 esse,
1394 1512 1511 1553 deni-

61 1602 145 1644 que
192 1594 236 1627 ut
279 1595 471 1644 quartam
515 1587 721 1637 formam,
783 1584 909 1640 eujus
954 1583 1223 1625 accusativus
1263 1582 1306 1622 iu
1350 1599 1368 1620 ν
1407 1579 1511 1630 exit,

64 1656 247 1695 Ποτιόἇιν
277 1654 586 1695 restituendam
619 1668 713 1693 esse
745 1660 958 1708 putemus.
1030 1651 1233 1691 Πότειόαν
1264 1649 1308 1689 in
1341 1646 1514 1688 Rhodio

60 1722 175 1762 dicto
209 1737 356 1778 parum
389 1721 655 1761 auctoritatis
688 1720 827 1760 habet.
892 1719 957 1760 Ne
981 1717 1191 1760 Ποσειδᾶν
1222 1716 1393 1773 quidem
1421 1715 1513 1754 sine

62 1789 329 1829 dubitatione
372 1788 583 1846 genuinae
614 1787 770 1828 Doridi
804 1787 1017 1843 assignari
1051 1792 1190 1842 potest
1271 1783 1379 1825 Nam
1412 1781 1513 1823 Pin-

62 1857 189 1897 darus
221 1873 310 1897 eam
345 1857 522 1897 formam
564 1873 586 1896 e
619 1855 827 1896 Lesbiaca
860 1855 1042 1895 dialecto
1088 1853 1298 1894 asciscere
1330 1856 1510 1908 poterat,

61 1933 102 1965 et
132 1925 393 1976 Posidonia,
428 1939 552 1981 quam
587 1923 764 1964 Solinus
795 1939 832 1964 c.
867 1924 893 1964 2
924 1939 944 1963 a
976 1920 1268 1963 Doriensibus
1300 1917 1511 1960 conditam

61 1993 192 2046 dicit,
243 1992 478 2033 secuudum
512 1991 746 2047 Seymnum
780 1990 936 2032 Cbium
978 2007 1017 2030 v.
1051 1987 1133 2030 ⁸245
1177 1995 1218 2028 et
1258 1986 1511 2028 Strabonem

59 2061 102 2100 V
132 2077 171 2117 p.
198 2061 279 2102 384
308 2060 452 2117 potius
483 2058 778 2115 Sybaritarum
809 2059 1082 2098 Achaeorum
1116 2055 1284 2097 colonia
1315 2061 1427 2102 erat,
1461 2052 1513 2093 de

62 2144 242 2186 quorum
276 2127 458 2168 dialecto
489 2143 635 2183 parum
668 2134 848 2166 constat.
924 2125 1074 2182 Neque
1110 2122 1347 2164 Herodiani
1393 2119 1516 2162 testi-

62 2195 201 2236 menia
243 2196 552 2236 dubitationem
600 2211 682 2234 uon
725 2193 981 2247 admittuut3
1044 2208 1138 2232 nam
1185 2192 1226 2231 iu
1270 2190 1383 2231 libro
1423 2189 1514 2240 περὶ

0 2255 1 2261 ¹
60 2281 151 2315 μοι’.
187 2267 290 2311 inii„
343 2262 415 2302 ubi
455 2262 663 2302 Ποσειδὼν
699 2261 852 2302 Doridi
886 2268 926 2301 ct
957 2260 1132 2301 Aeolidi
1164 2257 1295 2299 tribui
1325 2256 1512 2306 videtur,

62 2330 267 2371 Doricum
307 2329 487 2370 ΙΙοτιδάν
520 2330 734 2370 excidisse
767 2329 935 2370 videtur
963 2336 1033 2368 aut
1062 2328 1113 2368 al)
1146 2326 1240 2383 ipso
1272 2324 1511 2371 omissum;

62 2399 106 2439 in
138 2399 257 2438 Anu.
293 2397 405 2438 Oxx.
440 2398 588 2437 ultima
630 2397 685 2437 ita
718 2397 1041 2454 transponendo
1072 2394 1258 2436 sananda
1292 2398 1422 2443 sunt,
1470 2397 1514 2429 ut

67 2465 250 2506 Ποτιδὰν
282 2465 491 2513 ὀξυτόνως
530 2464 738 2505 Doricum
781 2466 974 2515 dicatur,
1026 2463 1236 2504 Ποσείὸαν
1278 2457 1513 2512 βαρυτὸνως

62 2532 319 2583 Aeolicum,
365 2548 496 2589 quare
529 2531 653 2572 etiam
686 2533 945 2574 antecedens
981 2528 1190 2571 Ποσειδὰν
1221 2528 1263 2568 iu
1303 2524 1512 2582 suspicio-

61 2615 159 2641 nem
189 2600 314 2641 eadit.
378 2600 529 2640 Restat
560 2607 605 2639 ut
635 2599 686 2640 de
717 2608 894 2640 accentu
928 2599 1139 2639 dicamus.
1204 2593 1387 2636 Ποτιδὰν
1417 2597 1513 2641 (uec

64 2666 206 2708 minus
242 2667 445 2708 Ποῑξιόάν
475 2674 516 2706 et
549 2666 782 2715 Ποσειδὰν,
824 2667 860 2707 si
894 2683 940 2707 ea
973 2682 1072 2706 vere
1102 2663 1262 2705 Dorica
1296 2658 1417 2713 sunt)
1449 2675 1512 2700 sc-

64 2732 251 2774 eundum
275 2733 646 2788 grammaticorum
678 2742 901 2791 praecepta
933 2741 974 2775 et
1003 2731 1267 2788 reliquorum
1290 2727 1511 2770 nominum

67 2799 111 2840 in
144 2817 219 2849 αν,
268 2801 384 2859 quod
415 2817 467 2842 ex
499 2819 581 2842 αων
610 2809 874 2844 contractum
906 2809 994 2853 est,
1046 2797 1286 2856 analogiam
1330 2795 1434 2847 (vid.
1469 2799 1509 2846 ᾗ,
