1818 3108
537 671 1056 727 Index.

1425 951 1457 986 P
1484 962 1515 984 τ’.

81 1004 149 1039 De
173 1002 400 1039 dialectis
425 994 639 1038 Aeolicis
665 1002 708 1037 in
733 1003 1011 1037 universum.
1059 1002 1088 1045 ζ).
1117 1002 1146 1035 1.
1218 1026 1224 1032 .
1278 1024 1286 1031 .
1337 1025 1342 1031 .
1396 1024 1401 1030 .
1455 961 1515 1031 abl

81 1069 150 1103 De
173 1069 384 1103 dialecto
410 1069 601 1102 Aeolum
625 1068 913 1103 Asianorum.

170 1133 229 1166 De
253 1132 422 1167 sontibus.
470 1134 498 1175 §.
525 1134 557 1166 2.
641 1152 1406 1166 ..............
1501 1127 1520 1158 5

171 1196 230 1229 De
255 1203 414 1229 accentu.
463 1196 490 1238 §.
516 1197 537 1230 3
541 1215 1402 1229 ................
1478 1190 1521 1221 10

169 1260 228 1293 De
252 1259 395 1303 spiritu.
440 1259 469 1301 §.
494 1259 515 1292 4
519 1277 1405 1292 ................
1478 1252 1519 1284 19

170 1323 230 1356 De
254 1322 445 1366 digamma.
495 1322 523 1365 §.
547 1322 568 1355 5
572 1340 1406 1356 ...............
1477 1316 1523 1348 30

172 1385 232 1419 De
257 1384 536 1418 consonantibus
561 1383 802 1428 simplicibus.
851 1383 878 1425 ἕ.
905 1384 926 1417 6
930 1407 1172 1416 .....
1216 1406 1233 1415 ,.
1283 1406 1292 1414 .
1342 1405 1348 1411 .
1398 1405 1407 1413 .
1479 1379 1524 1411 40

170 1448 231 1482 De
255 1448 534 1482 consonantibus
559 1447 779 1491 duplicibus.
829 1447 858 1489 §.
886 1450 917 1481 7.
992 1467 1406 1480 ........
1477 1442 1523 1475 45

171 1511 231 1544 De
257 1511 506 1555 duplicatione
529 1510 762 1553 liquidarum.
814 1510 840 1551 §.
867 1511 887 1543 S
891 1529 1405 1542 ..........
1476 1503 1523 1537 49

170 1573 230 1607 De
254 1574 407 1607 aliarum
432 1574 703 1607 consonantium
730 1572 990 1617 duplicatione.
1039 1570 1066 1613 §.
1092 1571 1124 1605 9.
1152 1595 1159 1602 .
1224 1595 1230 1602 .
1282 1594 1290 1602 .
1341 1593 1349 1600 .
1400 1592 1408 1600 .
1480 1568 1525 1599 65

171 1637 233 1670 De
255 1650 275 1670 ν
299 1644 380 1671 ante
404 1650 422 1670 σ
446 1637 481 1670 in
508 1637 581 1670 iota
605 1643 749 1670 mutam.
798 1639 827 1681 ξ.
856 1638 909 1670 10.
990 1655 1408 1667 ........
1479 1631 1526 1663 69

171 1698 233 1732 De
257 1699 339 1732 aliis
366 1700 635 1732 consonantium
661 1698 985 1741 conjunctionibus
1034 1698 1063 1740 §.
1091 1697 1142 1729 11.
1223 1718 1232 1727 .
1283 1718 1290 1726 .
1342 1718 1348 1725 .
1399 1717 1408 1724 .
1481 1692 1523 1725 73

171 1761 232 1795 De
256 1762 442 1796 vocalibus
468 1762 649 1796 brevibus.
698 1763 727 1805 ἕ.
756 1763 797 1796 12
800 1781 1400 1797 ...........
1475 1755 1519 1789 74

172 1824 232 1858 De
256 1826 279 1859 ἆ
304 1837 372 1870 pro
397 1827 431 1869 ἢ.
480 1827 509 1869 §.
539 1828 580 1861 13
584 1845 1406 1859 ...............
1479 1818 1524 1852 82

173 1887 233 1920 De
257 1889 282 1930 ἦ
304 1896 338 1922 et
363 1889 391 1921 ὦ
416 1899 483 1932 pro
507 1890 547 1922 Ξῖ
569 1894 604 1922 et
631 1890 686 1924 δῦ.
735 1888 763 1930 §.
792 1889 834 1922 14
838 1909 1409 1922 ...........
1480 1883 1524 1916 89

173 1951 233 1986 De
264 1952 347 1986 aliis
387 1953 577 1996 longarum
604 1951 782 1986 vocalium
807 1959 842 1986 et
866 1951 1179 1996 diphthongorum
1204 1946 1411 1983 mutationi-

263 2016 340 2050 bus.
387 2017 417 2059 §.
444 2018 495 2051 15.
580 2036 1409 2055 ...............
1481 2011 1525 2044 91

174 2079 234 2112 De
250 2078 562 2123 diphthongorum
580 2086 615 2113 et
628 2079 819 2122 longarum
831 2078 1010 2112 vocalium
1028 2076 1271 2122 correptione.
1309 2076 1338 2118 §.
1355 2076 1408 2109 16.
1459 2075 1525 2107 100

173 2143 234 2177 De
256 2143 511 2177 contractione.
559 2145 588 2186 §.
617 2146 669 2178 17.
754 2162 1408 2177 ............
1457 2138 1522 2171 102

173 2205 234 2239 De
258 2206 568 2251 diphthongorum
592 2206 761 2240 diaeresi.
809 2207 838 2250 §.
865 2209 921 2242 18.
991 2227 1409 2242 ........
1458 2202 1524 2234 103

174 2268 234 2301 De
258 2279 441 2313 syncope,
465 2280 628 2314 apocope
653 2276 720 2304 etc.
769 2270 797 2312 ᾗ.
826 2271 869 2304 19
873 2290 1408 2304 ..........
1458 2265 1522 2297 107

175 2330 233 2362 De
258 2330 500 2365 declinatione
524 2333 543 2366 I
565 2339 601 2367 et
623 2331 673 2366 ΙΙ.
724 2333 752 2375 §.
777 2333 822 2366 20
825 2352 1407 2367 ...........
1458 2327 1525 2360 108

176 2393 236 2426 De
261 2393 502 2428 declinatione
528 2396 597 2429 III.
647 2396 674 2438 §.
701 2396 756 2429 21.
818 2415 1408 2428 ...........
1459 2389 1524 2423 113

175 2455 235 2489 De
259 2456 501 2491 declinatione
525 2457 731 2501 irregulari.
783 2457 811 2500 §.
836 2458 892 2491 22.
938 2482 945 2489 .
995 2482 1002 2490 .
1049 2473 1063 2490 ς
1110 2477 1409 2491 ......
1458 2453 1525 2486 120

176 2519 236 2553 De
262 2520 535 2564 pronominibus
561 2528 596 2555 et
622 2520 877 2554 numeralibus,
926 2522 955 2564 ᾖ.
981 2520 1036 2554 23.
1110 2540 1410 2554 ......
1459 2515 1524 2548 123

177 2583 237 2616 De
261 2583 524 2626 conjugationis
549 2584 689 2618 ratione
712 2582 903 2617 communi.
951 2583 979 2624 §.
1005 2583 1047 2617 24
1052 2605 1408 2617 .......
1457 2578 1522 2611 123

177 2646 237 2680 De
262 2647 515 2690 conjugatione
540 2648 577 2681 in
600 2649 640 2681 ὦ.
690 2649 719 2690 §.
744 2649 799 2682 25.
874 2668 1407 2680 ..........
1458 2643 1520 2676 131

175 2710 236 2744 De
259 2710 511 2754 conjugatione
537 2712 572 2744 in
595 2711 652 2757 ῥῖ.
700 2711 728 2753 §.
753 2711 808 2745 26.
873 2731 1407 2743 ..........
1458 2704 1523 2738 134

177 2771 236 2806 De
261 2773 420 2816 perfecto
446 2780 481 2807 et
505 2773 638 2807 aoristo
663 2773 690 2806 Ι.
739 2774 766 2815 §.
791 2774 834 2808 27
839 2793 1408 2808 ...........
1459 2767 1522 2801 147
