1779 3079
227 182 327 233 572
626 181 858 230 Addenda
892 192 938 229 et
967 180 1281 247 Corrigenda.

230 316 480 369 ἀντικείμενα
510 315 697 370 ἐμφαίνει
733 315 823 357 τινὰ
855 315 1063 357 ἀντίθεσιν
1095 314 1162 355 διὰ
1200 313 1245 356 τι)
1283 316 1338 368 τῷ
1370 313 1546 370 σχήματι
1577 314 1680 355 ἀντι-

228 385 360 433 θέτως
396 383 662 439 γεγράφθαι,
722 383 917 438 καθάπερ
955 382 1001 425 τὸ
1033 382 1137 438 παρ’
1167 382 1411 439 Ἐπιχάρμῳ
1450 387 1504 437 τῷ
1532 387 1682 441 ποιητῇ

225 453 523 508 πεπαιγμένον,
574 452 636 494 ὅτι

348 520 462 562 Τόκα
491 522 561 573 μὲν
591 521 631 561 ἔν
660 518 801 570 τήνοις
831 519 931 574 ε’γών
959 517 1032 572 ἧν,
1071 520 1175 563 τόκα
1204 522 1246 562 δὲ
1274 519 1389 576 παρὰ
1417 519 1556 571 τήνοις
1585 519 1685 574 ἐγών

235 590 291 633 Τὸ
326 589 422 632 αὐτὸ
453 591 524 642 μὲν
551 587 630 642 γάρ
662 589 823 642 εἴρηται
858 592 928 629 καὶ
960 588 1075 631 οὐδέν
1106 590 1299 631 ἐναντίον.
1362 591 1382 631 ὁ
1416 591 1457 630 δὲ
1485 590 1686 629 πλανῶντι

226 658 372 701 ἔοικεν.
435 655 524 699 ἀλλ’
570 655 689 705 οὗτος·
735 658 805 709 μὲν
848 658 947 705 ἴσως
989 661 1270 712 γελωτοποιῶν
1310 658 1441 706 οὕτως·
1486 655 1685 707 ἀντέθηκε

228 730 300 770 καῖ
331 727 415 780 ἅμα
446 724 642 768 σκώπτων
670 724 767 773 τούς·
799 724 995 778 ῥήτορας.

339 795 472 853 Pag.
506 794 588 836 269
629 800 735 836 not.
810 792 1059 834 Meinekius
1098 807 1272 850 quoque
1316 801 1465 836 noster
1502 793 1613 836 vidit
1654 789 1687 833 ὦ

226 863 309 914 ’ξέν’
342 862 617 906 scribendum
650 877 747 903 esse
777 861 950 903 Deleet.
983 859 1120 901 Anth.
1154 877 1196 918 p.
1223 860 1319 903 120.

338 951 468 1008 Pag.
500 948 583 992 278
614 948 645 990 l.
681 948 749 990 19.
810 946 939 989 Adde
971 948 1062 988 δυσὶ
1093 947 1253 1006 Astyp.
1289 947 1370 990 163
1401 947 1457 990 R.

338 1036 466 1093 Pag.
498 1033 582 1076 282
625 1049 701 1074 nr.
734 1033 776 1075 4.
841 1031 1172 1075 Substantivum
1213 1031 1306 1081 ἰκᾶς
1348 1048 1428 1091 pro
1467 1033 1580 1083 εἰκάς
1621 1042 1687 1078 est

227 1105 271 1147 in
302 1104 429 1146 titulo
460 1101 642 1159 Nisyrio
685 1117 752 1143 nr.
788 1101 869 1143 166
896 1100 953 1142 R.

339 1184 469 1240 Pag.
502 1183 586 1225 283
617 1181 649 1224 l.
677 1181 704 1224 4
734 1187 866 1223 extr.
927 1180 1041 1236 Leg.
1075 1186 1151 1231 „et
1176 1184 1499 1238 Meqarensesf‘

337 1269 466 1325 Pag.
494 1268 578 1310 284
608 1267 640 1309 l.
666 1267 735 1309 12.
795 1264 1006 1307 Doricum
1039 1266 1146 1320 ἅγνω
1175 1267 1246 1309 vel
1276 1265 1388 1320 ἇγναῖ
1415 1282 1531 1309 nune
1559 1267 1687 1310 video

227 1354 250 1380 a
288 1338 406 1380 Laso
446 1334 758 1378 Hermioneusi
798 1342 1053 1392 usurpatum
1092 1334 1229 1376 videri
1275 1335 1320 1375 in
1365 1335 1516 1392 hymni
1558 1335 1687 1379 initio

226 1406 342 1463 apud
371 1405 535 1447 Athen.
567 1403 695 1457 XIV,
727 1403 825 1445 624.
859 1403 891 1444 f.
913 1433 925 1456 ‚
985 1402 1062 1444 ubi
1094 1402 1355 1446 Casaubono
1384 1403 1594 1446 librorum
1626 1404 1687 1446 le-

226 1475 413 1517 ctionem
446 1470 648 1526 ἀναγνων’
676 1472 746 1514 vel
779 1470 964 1525 ἀναγνῶν
996 1470 1042 1512 in
1076 1470 1234 1525 ἀνάγων
1263 1472 1448 1514 mutanti
1475 1472 1687 1516 recentio-

226 1558 295 1586 res
326 1540 493 1584 assensi
523 1547 637 1582 suut.
699 1539 900 1582 Restitue
933 1539 1116 1593 ἁνάγνων
1146 1547 1219 1582 aut
1250 1539 1447 1593 ἆναγνῶν.

339 1611 469 1668 Pag.
501 1608 585 1651 286
623 1608 654 1650 l.
689 1608 757 1650 13.
832 1607 1160 1650 Choerohoscus
1201 1608 1254 1650 ad
1285 1608 1455 1651 Theod.
1490 1609 1601 1663 571,
1631 1610 1685 1653 21
1720 1652 1724 1657 ,

228 1679 324 1738 (qui
362 1679 486 1721 locus
531 1677 584 1719 ab
623 1684 875 1735 excerptore
914 1676 1116 1718 Anecdd.
1162 1676 1273 1718 Oxx.
1317 1677 1408 1731 IV,
1444 1678 1525 1721 188
1562 1678 1688 1720 valde

227 1754 456 1804 corruptus
487 1747 570 1795 est)
603 1744 726 1787 docet
745 1777 757 1800 ,
801 1744 1041 1787 Dorienses
1072 1744 1117 1786 in
1149 1745 1354 1803 perfectis
1383 1745 1531 1788 Attica
1560 1747 1687 1789 redu-

227 1816 462 1875 plicatione
503 1813 729 1856 instructis
760 1814 929 1856 tertiam
959 1814 1012 1855 ab
1045 1813 1172 1855 initio
1204 1821 1355 1856 natura
1392 1815 1569 1872 longam
1597 1814 1688 1873 pati

229 1892 378 1926 contra
412 1882 771 1925 consuetudinem
803 1882 1022 1924 Atticam:
1085 1881 1322 1935 πρόςκειται
1353 1914 1383 1937 ,,
1402 1883 1429 1933 ἢ
1457 1883 1573 1940 παρὰ
1602 1885 1689 1932 τοῖς

229 1953 367 2000 ἄλλοις
406 1952 685 2001 διαλέκτοις-(3
751 1951 887 2001 ἐπειδή
922 1951 987 1992 ὅτε
1030 1948 1145 2008 (leg.
1182 1951 1280 1992 ἐσθ’
1311 1951 1393 2003 ὅτε)
1437 1955 1474 1992 οἱ
1504 1953 1687 2005 Δωριεῖς

230 2019 480 2075 φυλάττουσι
515 2017 587 2068 τήν
623 2020 759 2071 τρίτην
801 2017 880 2059 ἀπὸ
927 2017 1057 2072 ἀρχῆς
1100 2018 1303 2071 συλλαβὴν
1345 2017 1467 2071 φύσει
1504 2018 1685 2075 μακρὰν,

231 2090 318 2131 οἷον
346 2090 418 2129 τοῦ
449 2087 536 2141 ὁρῶ
565 2085 672 2139 παρ’
707 2085 845 2133 αὐτοῖς
877 2087 897 2127 ὁ
925 2087 1076 2138 με’λλων
1107 2086 1277 2139 ὁρήσω,
1336 2087 1356 2127 ὁ
1388 2089 1687 2140 παρακείμενος

230 2157 376 2213 ω’ρηκα
416 2156 486 2196 καῖ
528 2155 548 2196 ὁ
589 2152 774 2201 Ἀττικὸς
817 2152 1014 2208 ὁρώρηκα
1057 2156 1127 2194 καὶ
1166 2153 1404 2207 φυλάττεται
1443 2154 1560 2211 παρὰ
1601 2157 1688 2205 τοῖς

230 2227 465 2280 Δωριεῦσιν
496 2223 521 2274 ἡ
554 2221 678 2276 φύσει
707 2221 871 2277 μακρά·
908 2224 977 2262 καὶ
1006 2221 1127 2262 πάλιν
1159 2221 1296 2264 ἀκούω
1329 2222 1494 2264 ἀκούσω
1524 2223 1688 2274 ἤκουκα

231 2297 300 2335 καὶ
331 2294 352 2334 ὁ
383 2290 565 2340 Ἀττικὸς
595 2291 755 2341 ἤκουκα
784 2288 1054 2345 παράὐτοῖς.
1142 2290 1204 2332 At
1235 2292 1430 2350 exempla
1470 2291 1547 2335 illa
1577 2307 1688 2335 nova

231 2371 273 2405 et
303 2361 495 2404 inaudita
528 2359 726 2415 ὁρώρηκα
758 2363 800 2402 et
832 2357 1078 2408 ἀκήκουκα,
1132 2375 1241 2417 quae
1271 2367 1386 2402 certe
1417 2359 1616 2414 ὁρώρακα
1646 2368 1689 2402 et

233 2429 446 2472 ἀκάκουκα
477 2443 630 2470 sonare
652 2427 894 2481 dehebant,
926 2427 1252 2486 suspectissima
1279 2437 1392 2470 suut.
1455 2428 1548 2471 Nee
1578 2429 1688 2472 mul·

231 2507 321 2542 tum
352 2496 617 2554 profeceris,
660 2496 698 2537 si
727 2495 779 2537 (le
811 2494 1006 2549 ὀρώρηκα
1038 2496 1090 2538 ab
1123 2497 1267 2551 ὄρνυμι
1296 2497 1573 2555 cogitaveris.

344 2567 472 2622 Pag.
506 2565 587 2607 293
629 2564 660 2605 1.
694 2563 735 2606 3.
798 2563 910 2620 Leg.
943 2568 1111 2606 λῶντι.

347 2634 469 2690 Pag.
502 2634 585 2675 294
624 2633 655 2674 l.
687 2633 758 2674 24.
821 2632 981 2674 Contra
1012 2629 1037 2689 ᾗ
1069 2640 1133 2675 est
1162 2633 1208 2675 in
1239 2633 1396 2691 Astyp.
1433 2634 1512 2678 159
1543 2633 1599 2675 R.

348 2703 479 2759 Pag.
511 2702 594 2743 296
638 2717 705 2742 nr.
738 2701 794 2754 4,
828 2717 850 2742 a
903 2700 1011 2744 adde
1061 2701 1189 2743 ὄόντω
1234 2702 1394 2761 Astyp.
1430 2702 1511 2745 159
1541 2701 1597 2744 R.
1647 2707 1690 2743 et

238 2767 472 2825 παρεχόντω
502 2769 663 2827 Delph.
698 2769 812 2828 Eph.
845 2768 946 2811 Jen.
