1779 3079
550 190 591 250 §.
623 192 699 241 19.
769 192 842 238 De
877 213 906 236 a
941 208 1026 253 pro
1056 212 1095 248 η.
1451 190 1546 240 127

102 329 246 372 Attica
279 327 584 386 distinguitur,
626 343 751 385 quam
780 326 995 384 frequenti
1024 326 1143 383 long-i
1175 328 1200 368 ἆ
1227 342 1305 385 pro
1334 345 1360 378 η
1389 342 1468 368 usu
1492 330 1542 379 ¹).

104 398 204 452 Quo
235 397 278 438 in
309 397 403 438 loco
433 413 564 453 quum
596 393 752 437 Graeci
781 409 864 434 non
898 394 1067 435 Ionicae
1098 395 1244 451 stirpis
1272 411 1418 436 omnes
1448 411 1544 437 eum

104 465 392 506 Doriensihus
422 465 511 505 sere
541 461 818 518 conspirent,
851 477 981 518 quum
1012 461 1104 518 ipsa
1134 462 1279 502 Atthis
1308 463 1420 503 haud
1450 478 1546 504 raro

104 532 297 575 Ionicum
327 550 352 581 η
382 539 603 588 aspernata
634 528 842 569 Doricum
872 544 1032 569 morem
1063 536 1270 580 sectetur,
1303 546 1433 586 quum
1464 531 1546 572 La-

103 601 192 641 tina
223 615 392 656 quoque
421 598 596 653 lingua,
637 596 673 637 si
703 612 786 653 qua
816 611 911 637 cum
943 595 1104 637 Graeca
1136 597 1373 637 communia
1403 599 1547 652 habet,

103 683 211 725 quae
253 681 338 706 non
378 671 478 705 sunt
518 664 676 705 recenti
717 671 906 721 tempore
946 679 969 704 c
1011 663 1176 719 vulgari
1209 662 1446 706 Graecitate
1485 682 1548 706 as-

104 742 296 791 sumpta,
335 731 543 773 Doricum
578 736 603 772 ἇ
631 730 858 789 praebeat:
905 730 1088 771 dubitari
1120 747 1205 771 non
1236 738 1403 788 potest,
1443 733 1547 789 quin

104 802 296 843 Ionicum
336 818 360 849 η
403 800 548 840 eadem
590 799 822 840 mutatione
861 813 913 839 ex
951 798 1190 855 antiquiore
1234 799 1258 838 ἆ
1295 806 1434 840 ortum
1475 800 1548 853 sit,

102 884 185 926 qua
224 867 336 924 apud
373 867 544 924 Aug-los
583 867 761 923 long-um
803 876 826 906 a
863 866 1180 923 pronuntiando
1221 865 1265 906 in
1307 875 1328 906 ἔ
1366 867 1548 908 transiit.

103 935 360 978 Accuratius
392 942 532 975 autem
561 934 613 976 de
641 933 825 991 insignis
857 933 974 974 illius
1004 933 1267 975 differentiae
1297 934 1459 975 ratione
1492 941 1551 975 at-

104 1019 188 1062 que
219 1003 313 1059 lege
344 1002 602 1059 quaesituris
631 1003 816 1059 primum
847 1001 898 1042 de
930 1001 1120 1042 fontibus
1145 1001 1447 1059 disputandum
1469 1009 1551 1056 est,

105 1071 205 1129 quia
235 1078 276 1111 et
306 1070 387 1122 iis,
419 1070 531 1111 unde
562 1069 769 1126 reliquam
794 1068 973 1109 Doridis
1004 1069 1292 1124 cognitionem
1313 1069 1552 1122 haurimus,

105 1139 150 1179 iu
190 1140 270 1179 hoe
312 1137 407 1178 loco
445 1137 607 1192 majore
648 1136 1031 1193 circumspectione
1070 1137 1276 1178 utendum
1316 1145 1381 1179 est
1409 1145 1452 1179 et
1480 1137 1553 1178 alii

107 1206 279 1264 quidam
309 1204 542 1258 accedunt,
591 1204 665 1261 qui
697 1204 749 1245 ad
778 1204 943 1261 reliqua
972 1203 1082 1244 nihil
1112 1204 1201 1245 fere
1232 1204 1428 1245 utilitatis
1456 1220 1554 1262 sup-

104 1273 310 1331 peditant.

218 1340 527 1396 lnseriptiones
557 1355 643 1380 non
673 1338 883 1396 pessimae
923 1339 1096 1392 aetatis,
1145 1356 1253 1397 quae
1292 1354 1371 1380 nee
1410 1337 1558 1395 lapici-

106 1409 253 1450 darum
284 1423 362 1448 nec
394 1407 727 1449 describentium
758 1407 883 1465 culpa
913 1416 1137 1465 corruptae
1168 1415 1294 1461 sunt,
1340 1413 1383 1448 et
1412 1406 1558 1447 melio-

108 1493 202 1518 rum
232 1475 603 1532 grammaticorum
633 1481 859 1532 praecepta
891 1474 1017 1515 etiam
1046 1476 1124 1515 hae
1156 1474 1199 1515 in
1230 1490 1276 1515 re
1304 1474 1559 1532 plerumque

107 1544 190 1585 fide
221 1542 474 1599 dignissima
512 1550 642 1596 sunt3
694 1542 745 1582 dc
776 1557 826 1582 eo
856 1543 1014 1582 erroris
1047 1558 1233 1599 genere,
1278 1541 1393 1598 quod
1423 1557 1476 1582 ne
1508 1540 1560 1581 ab

108 1612 177 1652 his
207 1610 380 1667 quidem
412 1610 598 1650 alienum
628 1617 718 1662 est,
748 1624 848 1649 mox
878 1609 1132 1650 videbimus.
1196 1608 1490 1666 Scriptoribus
1521 1616 1563 1650 et

108 1678 276 1736 poetis,
321 1677 397 1734 qui
426 1677 586 1718 Dorice
617 1676 906 1732 scripserunt,
952 1677 1196 1718 cautissime
1236 1676 1440 1717 utendum
1479 1683 1558 1716 est.

112 1745 222 1786 Nam
261 1759 348 1784 non
390 1744 527 1785 solum
570 1743 736 1785 librarii
774 1744 899 1785 facile
931 1744 981 1784 ad
1011 1745 1186 1801 vulgare
1218 1763 1241 1794 η
1274 1743 1414 1785 delabi
1443 1749 1563 1801 pote-

111 1819 232 1866 rant,
263 1812 339 1853 sed
370 1812 618 1869 saepissime
650 1811 775 1853 etiam
805 1812 963 1853 factum
993 1819 1083 1866 est,
1116 1819 1162 1852 ut
1188 1811 1448 1853 accuratiore
1473 1811 1564 1852 Do-

110 1880 216 1922 ridis
263 1879 509 1936 cognitione
561 1879 752 1920 destituti
804 1879 1069 1921 notissimam
1114 1879 1238 1920 istam
1287 1879 1563 1921 mutationem

112 1948 223 1989 ultra
259 1947 450 2004 ipsorum
480 1946 760 1988 Doriensium
797 1947 1151 1988 consuetudinem
1182 1952 1453 2004 usurparent.
1513 1946 1563 1987 In

113 2015 296 2056 eundem
326 2029 512 2055 errorem
544 2015 656 2056 haud
685 2031 781 2056 raro
821 2014 906 2072 ipsi
946 2019 1095 2072 poetae
1126 2021 1168 2055 et
1198 2014 1429 2072 scriptores
1458 2013 1566 2055 inci-

114 2083 293 2135 derunt,
340 2082 413 2139 qui
455 2090 553 2139 post
592 2082 832 2123 Alexandri
876 2089 1051 2123 aetatem
1092 2082 1295 2123 Doricam
1336 2081 1565 2122 dialectum

115 2157 202 2190 arte
233 2149 383 2190 imitati
414 2158 539 2203 suut,
588 2149 819 2192 Bucolicos
854 2150 1037 2191 maxime
1070 2150 1165 2208 dico
1195 2157 1237 2190 et
1267 2149 1565 2205 Pseudo-Py-

114 2218 368 2273 thagoreos,
414 2217 499 2259 nisi
542 2217 715 2259 credere
756 2217 905 2270 malis,
956 2217 1054 2258 illos
1098 2217 1245 2258 saltem
1277 2217 1459 2258 consilio
1490 2217 1565 2273 hy-

116 2283 340 2342 perdorica
382 2284 588 2341 quaedam
628 2285 831 2339 finxisse,
877 2300 986 2342 quae
1026 2301 1124 2327 vere
1154 2284 1315 2326 Dorica
1353 2300 1440 2325 non
1471 2298 1565 2324 esse

166 2473 198 2513 l)
249 2471 408 2506 Aristid.
437 2472 559 2506 Quint.
588 2473 633 2507 de
658 2485 744 2508 muS.
778 2476 815 2509 ῙῙ
854 2489 888 2521 p.
915 2480 969 2512 93.
1004 2474 1025 2521 ἦ
1055 2477 1164 2521 Δωρὶς
1188 2474 1251 2520 τῂν
1278 2474 1459 2519 θηλιῖτητα
1485 2473 1565 2513 qni-

117 2541 225 2570 γουσα
256 2532 319 2562 ‘toz‘-
356 2531 377 2572 ἧ
409 2531 544 2574 τρέπειν
577 2529 685 2576 αι”τῆς
718 2530 779 2575 τὴν
801 2536 922 2577 χρῆσιν
947 2532 988 2570 ὡς
1013 2533 1044 2570 ἐς
1069 2532 1171 2576 τῖρζιεν
1194 2532 1233 2565 τὸ
1258 2533 1281 2564 ἆ
1306 2531 1482 2571 νενόμικεν,
1521 2551 1563 2556 ——

119 2585 264 2620 Schotl.
293 2586 449 2619 Theocr.
488 2588 576 2625 XV,
602 2589 655 2622 88-
702 2587 743 2622 τὸ
774 2590 1056 2624 πλατειάσδοισαι
1092 2588 1248 2621 τοιοΐτόν
1282 2589 1386 2621 ἐστιν·
1436 2589 1467 2621 οἱ
1496 2588 1563 2633 γάρ

119 2644 258 2686 Δωριεῖς
283 2645 562 2683 πλατινστομοῖνσι
586 2643 625 2676 τὸ
651 2646 674 2676 ἆ
707 2646 953 2684 πλέονάζοντες.
997 2668 1037 2673 -
1099 2646 1280 2680 Choerob.
1309 2646 1431 2680 Bekk.
1465 2649 1562 2685 1201,

121 2699 156 2733 J.
183 2699 249 2734 Gr.
276 2702 363 2742 242,
390 2700 432 2743 b,
472 2701 537 2736 Gr.
564 2702 603 2735 C.
635 2704 720 2743 182,
762 2703 867 2738 Leid.
893 2707 979 2746 633,
1026 2705 1176 2738 Meerm.
1205 2705 1293 2744 656,
1342 2703 1434 2736 Anu.
1461 2704 1559 2737 Oxx.

123 2755 191 2798 lv,
220 2760 300 2800 172,
326 2758 490 2793 Eustam.
520 2761 623 2801 1481,
649 2762 693 2794 50
713 2767 782 2793 etc.
