<?xml version="1.0" encoding="UTF-8"?>
<!DOCTYPE html PUBLIC "-//W3C//DTD XHTML 1.0 Transitional//EN"
    "http://www.w3.org/TR/xhtml1/DTD/xhtml1-transitional.dtd">
<html xmlns="http://www.w3.org/1999/xhtml" xml:lang="en" lang="en">
 <head>
  <title>
</title>
<meta http-equiv="Content-Type" content="text/html;charset=utf-8" />
  <meta name='ocr-system' content='tesseract 3.04.00' />
  <meta name='ocr-capabilities' content='ocr_page ocr_carea ocr_par ocr_line ocrx_word'/>
</head>
<body>
  <div class='ocr_page' id='page_1' title='image "./degraecaelinguae01ahreuoft_0535.png"; bbox 0 0 1779 3079; ppageno 0'>
   <div class='ocr_carea' id='block_1_1' title="bbox 373 214 1531 272">
    <p class='ocr_par' dir='ltr' id='par_1_1' title="bbox 373 214 1531 272">
     <span class='ocr_line' id='line_1_1' title="bbox 373 214 1531 272; baseline 0 -11"><span class='ocrx_word' id='word_1_1' title='bbox 373 216 411 272; x_wconf 54' lang='grc' dir='ltr'><strong>ᾗ.</strong></span> <span class='ocrx_word' id='word_1_2' title='bbox 448 216 527 264; x_wconf 77' lang='lat'><strong>⁶26.</strong></span> <span class='ocrx_word' id='word_1_3' title='bbox 600 217 672 262; x_wconf 87' lang='lat' dir='ltr'><strong>De</strong></span> <span class='ocrx_word' id='word_1_4' title='bbox 709 235 752 260; x_wconf 81' lang='grc' dir='ltr'><strong>εο</strong></span> <span class='ocrx_word' id='word_1_5' title='bbox 790 223 834 260; x_wconf 84' lang='lat' dir='ltr'><strong>et</strong></span> <span class='ocrx_word' id='word_1_6' title='bbox 872 235 923 260; x_wconf 68' lang='grc' dir='ltr'><strong>εω</strong></span> <span class='ocrx_word' id='word_1_7' title='bbox 961 214 1236 261; x_wconf 84' lang='lat' dir='ltr'><strong>contractis.</strong></span> <span class='ocrx_word' id='word_1_8' title='bbox 1434 214 1531 261; x_wconf 75' lang='lat'><strong>211</strong></span> 
     </span>
    </p>
   </div>
   <div class='ocr_carea' id='block_1_2' title="bbox 80 349 1538 2845">
    <p class='ocr_par' dir='ltr' id='par_1_2' title="bbox 80 349 1538 2845">
     <span class='ocr_line' id='line_1_2' title="bbox 86 349 1533 414; baseline -0.003 -16"><span class='ocrx_word' id='word_1_9' title='bbox 86 356 187 414; x_wconf 84' lang='lat' dir='ltr'><strong>quia</strong></span> <span class='ocrx_word' id='word_1_10' title='bbox 226 353 438 413; x_wconf 76' lang='lat' dir='ltr'><strong>ipsa&#39;illa</strong></span> <span class='ocrx_word' id='word_1_11' title='bbox 480 351 777 406; x_wconf 77' lang='grc' dir='ltr'><em>μετριώμενος,</em></span> <span class='ocrx_word' id='word_1_12' title='bbox 825 351 1087 402; x_wconf 73' lang='grc' dir='ltr'><strong>ἐμετρίωμες,</strong></span> <span class='ocrx_word' id='word_1_13' title='bbox 1134 349 1294 407; x_wconf 87' lang='lat' dir='ltr'><strong>quibus</strong></span> <span class='ocrx_word' id='word_1_14' title='bbox 1334 349 1533 393; x_wconf 78' lang='lat' dir='ltr'><strong>Roenius</strong></span> 
     </span>
     <span class='ocr_line' id='line_1_3' title="bbox 84 417 1534 476; baseline -0.004 -10"><span class='ocrx_word' id='word_1_15' title='bbox 84 423 267 466; x_wconf 81' lang='lat' dir='ltr'>maxime</span> <span class='ocrx_word' id='word_1_16' title='bbox 299 421 475 463; x_wconf 83' lang='lat' dir='ltr'><strong>innixus</strong></span> <span class='ocrx_word' id='word_1_17' title='bbox 505 428 586 473; x_wconf 86' lang='lat' dir='ltr'><strong>est,</strong></span> <span class='ocrx_word' id='word_1_18' title='bbox 622 418 660 460; x_wconf 87' lang='lat' dir='ltr'><strong>si</strong></span> <span class='ocrx_word' id='word_1_19' title='bbox 689 425 803 459; x_wconf 87' lang='lat' dir='ltr'><strong>recte</strong></span> <span class='ocrx_word' id='word_1_20' title='bbox 834 432 857 458; x_wconf 89' lang='lat' dir='ltr'><strong>a</strong></span> <span class='ocrx_word' id='word_1_21' title='bbox 877 417 1053 470; x_wconf 66' lang='grc' dir='ltr'><em>μετριάω</em></span> <span class='ocrx_word' id='word_1_22' title='bbox 1078 418 1354 472; x_wconf 78' lang='lat' dir='ltr'><strong>ducerentur,</strong></span> <span class='ocrx_word' id='word_1_23' title='bbox 1390 418 1534 476; x_wconf 86' lang='lat' dir='ltr'><strong>potius</strong></span> 
     </span>
     <span class='ocr_line' id='line_1_4' title="bbox 85 485 1536 544; baseline -0.003 -11"><span class='ocrx_word' id='word_1_24' title='bbox 85 491 248 533; x_wconf 86' lang='lat' dir='ltr'><strong>Dorice</strong></span> <span class='ocrx_word' id='word_1_25' title='bbox 279 488 541 544; x_wconf 73' lang='grc' dir='ltr'><em>μετριάμευος</em></span> <span class='ocrx_word' id='word_1_26' title='bbox 581 494 623 528; x_wconf 89' lang='lat' dir='ltr'><strong>et</strong></span> <span class='ocrx_word' id='word_1_27' title='bbox 653 487 886 538; x_wconf 71' lang='grc' dir='ltr'><strong><em>ἕμετριᾶμες</em></strong></span> <span class='ocrx_word' id='word_1_28' title='bbox 926 493 1141 526; x_wconf 87' lang='lat' dir='ltr'><strong>sonarent.</strong></span> <span class='ocrx_word' id='word_1_29' title='bbox 1220 485 1421 528; x_wconf 88' lang='lat' dir='ltr'><strong>Ceterum</strong></span> <span class='ocrx_word' id='word_1_30' title='bbox 1462 502 1536 528; x_wconf 84' lang='lat' dir='ltr'><strong>eo-</strong></span> 
     </span>
     <span class='ocr_line' id='line_1_5' title="bbox 86 551 1535 608; baseline -0.003 -7"><span class='ocrx_word' id='word_1_31' title='bbox 86 560 182 601; x_wconf 88' lang='lat' dir='ltr'><strong>dem</strong></span> <span class='ocrx_word' id='word_1_32' title='bbox 214 573 358 600; x_wconf 89' lang='lat' dir='ltr'><strong>errore</strong></span> <span class='ocrx_word' id='word_1_33' title='bbox 388 556 591 598; x_wconf 83' lang='lat' dir='ltr'><strong>inductus</strong></span> <span class='ocrx_word' id='word_1_34' title='bbox 630 568 725 594; x_wconf 89' lang='lat' dir='ltr'><strong>esse</strong></span> <span class='ocrx_word' id='word_1_35' title='bbox 767 551 935 593; x_wconf 81' lang='lat' dir='ltr'><strong>videtur</strong></span> <span class='ocrx_word' id='word_1_36' title='bbox 975 551 1049 593; x_wconf 90' lang='lat' dir='ltr'><strong>ille</strong></span> <span class='ocrx_word' id='word_1_37' title='bbox 1089 554 1416 608; x_wconf 86' lang='lat' dir='ltr'><strong>grammaticus,</strong></span> <span class='ocrx_word' id='word_1_38' title='bbox 1465 555 1535 596; x_wconf 87' lang='lat' dir='ltr'><strong>cui</strong></span> 
     </span>
     <span class='ocr_line' id='line_1_6' title="bbox 86 620 1535 684; baseline -0.003 -16"><span class='ocrx_word' id='word_1_39' title='bbox 86 626 361 684; x_wconf 79' lang='lat' dir='ltr'><strong>Hesychiana</strong></span> <span class='ocrx_word' id='word_1_40' title='bbox 380 625 524 680; x_wconf 79' lang='lat' dir='ltr'>glossa</span> <span class='ocrx_word' id='word_1_41' title='bbox 554 623 874 675; x_wconf 74' lang='grc' dir='ltr'><em>γηλιᾶσθαι,</em></span> <span class='ocrx_word' id='word_1_42' title='bbox 908 620 1157 673; x_wconf 68' lang='grc' dir='ltr'><strong><em>κατέχεσθαι</em></strong></span> <span class='ocrx_word' id='word_1_43' title='bbox 1179 621 1374 673; x_wconf 88' lang='lat' dir='ltr'><strong>debetur,</strong></span> <span class='ocrx_word' id='word_1_44' title='bbox 1407 638 1535 679; x_wconf 86' lang='lat' dir='ltr'><strong>quam</strong></span> 
     </span>
     <span class='ocr_line' id='line_1_7' title="bbox 87 687 1535 752; baseline -0.003 -17"><span class='ocrx_word' id='word_1_45' title='bbox 87 711 109 736; x_wconf 90' lang='lat' dir='ltr'><strong>e</strong></span> <span class='ocrx_word' id='word_1_46' title='bbox 139 692 369 752; x_wconf 86' lang='lat' dir='ltr'><strong>participio</strong></span> <span class='ocrx_word' id='word_1_47' title='bbox 399 689 644 744; x_wconf 71' lang='grc' dir='ltr'><em>γηλιώμευος</em></span> <span class='ocrx_word' id='word_1_48' title='bbox 673 688 783 729; x_wconf 92' lang='grc'><strong>111316</strong></span> <span class='ocrx_word' id='word_1_49' title='bbox 808 687 947 728; x_wconf 86' lang='lat' dir='ltr'><strong>fictam</strong></span> <span class='ocrx_word' id='word_1_50' title='bbox 970 694 1185 744; x_wconf 89' lang='lat' dir='ltr'><strong>putamus.</strong></span> <span class='ocrx_word' id='word_1_51' title='bbox 1211 709 1267 717; x_wconf 92' lang='lat'><strong>·-</strong></span> <span class='ocrx_word' id='word_1_52' title='bbox 1295 689 1535 745; x_wconf 83' lang='lat' dir='ltr'>Aliquanto</span> 
     </span>
     <span class='ocr_line' id='line_1_8' title="bbox 86 755 1536 813; baseline -0.004 -9"><span class='ocrx_word' id='word_1_53' title='bbox 86 762 245 804; x_wconf 88' lang='lat' dir='ltr'><strong>rectius</strong></span> <span class='ocrx_word' id='word_1_54' title='bbox 275 757 521 801; x_wconf 76' lang='lat' dir='ltr'><strong>Boeckhius</strong></span> <span class='ocrx_word' id='word_1_55' title='bbox 554 756 605 799; x_wconf 90' lang='lat' dir='ltr'><strong>C.</strong></span> <span class='ocrx_word' id='word_1_56' title='bbox 639 756 674 797; x_wconf 92' lang='lat' dir='ltr'><strong>I.</strong></span> <span class='ocrx_word' id='word_1_57' title='bbox 708 772 749 813; x_wconf 89' lang='lat' dir='ltr'><strong>p.</strong></span> <span class='ocrx_word' id='word_1_58' title='bbox 769 755 851 797; x_wconf 84' lang='grc'><strong>403</strong></span> <span class='ocrx_word' id='word_1_59' title='bbox 883 771 900 795; x_wconf 75' lang='grc' dir='ltr'><em>ε</em></span> <span class='ocrx_word' id='word_1_60' title='bbox 930 762 1026 796; x_wconf 88' lang='lat' dir='ltr'><strong>ante</strong></span> <span class='ocrx_word' id='word_1_61' title='bbox 1060 762 1312 813; x_wconf 79' lang='lat' dir='ltr'><strong>sequentem</strong></span> <span class='ocrx_word' id='word_1_62' title='bbox 1343 757 1536 798; x_wconf 74' lang='lat' dir='ltr'><strong>vocalem</strong></span> 
     </span>
     <span class='ocr_line' id='line_1_9' title="bbox 80 823 1534 881; baseline -0.003 -11"><span class='ocrx_word' id='word_1_63' title='bbox 80 829 130 870; x_wconf 64' lang='lat' dir='ltr'><strong>*in</strong></span> <span class='ocrx_word' id='word_1_64' title='bbox 163 846 178 869; x_wconf 80' lang='grc' dir='ltr'><em>ι</em></span> <span class='ocrx_word' id='word_1_65' title='bbox 206 827 362 869; x_wconf 90' lang='lat' dir='ltr'><strong>mutari</strong></span> <span class='ocrx_word' id='word_1_66' title='bbox 392 825 548 876; x_wconf 77' lang='lat' dir='ltr'><strong>tradit,</strong></span> <span class='ocrx_word' id='word_1_67' title='bbox 580 840 706 881; x_wconf 86' lang='lat' dir='ltr'><strong>quam</strong></span> <span class='ocrx_word' id='word_1_68' title='bbox 738 823 1069 881; x_wconf 77' lang='lat' dir='ltr'><strong>explicationem</strong></span> <span class='ocrx_word' id='word_1_69' title='bbox 1091 823 1322 864; x_wconf 84' lang='lat' dir='ltr'><strong>admittunt</strong></span> <span class='ocrx_word' id='word_1_70' title='bbox 1346 823 1534 876; x_wconf 85' lang='lat' dir='ltr'><strong>Cretica,</strong></span> 
     </span>
     <span class='ocr_line' id='line_1_10' title="bbox 84 890 1536 954; baseline -0.003 -17"><span class='ocrx_word' id='word_1_71' title='bbox 84 895 297 954; x_wconf 79' lang='lat' dir='ltr'><strong>quibusde</strong></span> <span class='ocrx_word' id='word_1_72' title='bbox 329 894 415 951; x_wconf 86' lang='lat' dir='ltr'><strong>agit</strong></span> <span class='ocrx_word' id='word_1_73' title='bbox 452 893 509 934; x_wconf 88' lang='lat' dir='ltr'><strong>V.</strong></span> <span class='ocrx_word' id='word_1_74' title='bbox 541 892 622 945; x_wconf 87' lang='lat' dir='ltr'><strong>C.,</strong></span> <span class='ocrx_word' id='word_1_75' title='bbox 654 892 848 949; x_wconf 85' lang='lat' dir='ltr'><strong>exempla</strong></span> <span class='ocrx_word' id='word_1_76' title='bbox 877 891 1036 932; x_wconf 88' lang='lat' dir='ltr'><strong>omnia.</strong></span> <span class='ocrx_word' id='word_1_77' title='bbox 1105 890 1257 948; x_wconf 80' lang='lat' dir='ltr'><strong>Neque</strong></span> <span class='ocrx_word' id='word_1_78' title='bbox 1288 898 1429 932; x_wconf 85' lang='lat' dir='ltr'><strong>tamen</strong></span> <span class='ocrx_word' id='word_1_79' title='bbox 1460 892 1536 933; x_wconf 83' lang='lat' dir='ltr'><strong>ille</strong></span> 
     </span>
     <span class='ocr_line' id='line_1_11' title="bbox 85 958 1538 1017; baseline -0.004 -12"><span class='ocrx_word' id='word_1_80' title='bbox 85 963 274 1005; x_wconf 89' lang='lat' dir='ltr'><strong>animum</strong></span> <span class='ocrx_word' id='word_1_81' title='bbox 308 979 357 1004; x_wconf 90' lang='lat' dir='ltr'><strong>eo</strong></span> <span class='ocrx_word' id='word_1_82' title='bbox 388 962 491 1003; x_wconf 89' lang='lat' dir='ltr'><strong>satis</strong></span> <span class='ocrx_word' id='word_1_83' title='bbox 521 960 729 1012; x_wconf 87' lang='lat' dir='ltr'><strong>advertit,</strong></span> <span class='ocrx_word' id='word_1_84' title='bbox 774 959 889 1017; x_wconf 87' lang='lat' dir='ltr'><strong>quod</strong></span> <span class='ocrx_word' id='word_1_85' title='bbox 929 959 973 1000; x_wconf 87' lang='grc'><strong>111</strong></span> <span class='ocrx_word' id='word_1_86' title='bbox 1005 958 1148 1001; x_wconf 83' lang='lat' dir='ltr'><strong>verbis</strong></span> <span class='ocrx_word' id='word_1_87' title='bbox 1182 975 1197 999; x_wconf 76' lang='grc' dir='ltr'><em>ε</em></span> <span class='ocrx_word' id='word_1_88' title='bbox 1229 975 1316 1000; x_wconf 87' lang='grc'><strong>11011</strong></span> <span class='ocrx_word' id='word_1_89' title='bbox 1348 966 1538 1000; x_wconf 87' lang='lat' dir='ltr'><strong>mutatur</strong></span> 
     </span>
     <span class='ocr_line' id='line_1_12' title="bbox 86 1026 1538 1084; baseline -0.003 -12"><span class='ocrx_word' id='word_1_90' title='bbox 86 1033 131 1072; x_wconf 90' lang='grc'><strong>111</strong></span> <span class='ocrx_word' id='word_1_91' title='bbox 163 1049 178 1071; x_wconf 80' lang='grc' dir='ltr'><em>ι</em></span> <span class='ocrx_word' id='word_1_92' title='bbox 206 1030 292 1072; x_wconf 88' lang='lat' dir='ltr'><strong>nisi</strong></span> <span class='ocrx_word' id='word_1_93' title='bbox 323 1038 420 1071; x_wconf 91' lang='lat' dir='ltr'><strong>ante</strong></span> <span class='ocrx_word' id='word_1_94' title='bbox 453 1046 472 1070; x_wconf 94' lang='grc' dir='ltr'><em>ο</em></span> <span class='ocrx_word' id='word_1_95' title='bbox 505 1035 546 1070; x_wconf 86' lang='lat' dir='ltr'><strong>et</strong></span> <span class='ocrx_word' id='word_1_96' title='bbox 577 1045 634 1074; x_wconf 76' lang='grc' dir='ltr'><strong>ω,</strong></span> <span class='ocrx_word' id='word_1_97' title='bbox 680 1027 785 1068; x_wconf 89' lang='lat' dir='ltr'><strong>adeo</strong></span> <span class='ocrx_word' id='word_1_98' title='bbox 829 1027 873 1068; x_wconf 91' lang='lat' dir='ltr'><strong>in</strong></span> <span class='ocrx_word' id='word_1_99' title='bbox 913 1043 979 1067; x_wconf 90' lang='lat' dir='ltr'><strong>nr.</strong></span> <span class='ocrx_word' id='word_1_100' title='bbox 1013 1027 1124 1069; x_wconf 76' lang='lat'>2554</span> <span class='ocrx_word' id='word_1_101' title='bbox 1166 1026 1258 1084; x_wconf 84' lang='lat' dir='ltr'><strong>ipse</strong></span> <span class='ocrx_word' id='word_1_102' title='bbox 1297 1043 1385 1068; x_wconf 91' lang='lat' dir='ltr'><strong>non</strong></span> <span class='ocrx_word' id='word_1_103' title='bbox 1423 1033 1538 1068; x_wconf 89' lang='lat' dir='ltr'><strong>recte</strong></span> 
     </span>
     <span class='ocr_line' id='line_1_13' title="bbox 85 1095 1538 1151; baseline -0.003 -11"><span class='ocrx_word' id='word_1_104' title='bbox 85 1099 209 1141; x_wconf 82' lang='lat' dir='ltr'><strong>finxit</strong></span> <span class='ocrx_word' id='word_1_105' title='bbox 239 1098 498 1139; x_wconf 82' lang='lat' dir='ltr'><strong>infinitivum</strong></span> <span class='ocrx_word' id='word_1_106' title='bbox 532 1097 794 1148; x_wconf 78' lang='grc' dir='ltr'><em>βοαθησιέιν.</em></span> <span class='ocrx_word' id='word_1_107' title='bbox 866 1095 1002 1136; x_wconf 87' lang='lat' dir='ltr'><strong>Porro</strong></span> <span class='ocrx_word' id='word_1_108' title='bbox 1029 1095 1134 1151; x_wconf 90' lang='lat' dir='ltr'><strong>quid</strong></span> <span class='ocrx_word' id='word_1_109' title='bbox 1158 1095 1453 1150; x_wconf 87' lang='lat' dir='ltr'><strong>judicabimus</strong></span> <span class='ocrx_word' id='word_1_110' title='bbox 1487 1095 1538 1136; x_wconf 88' lang='lat' dir='ltr'><strong>dc</strong></span> 
     </span>
     <span class='ocr_line' id='line_1_14' title="bbox 84 1163 1536 1221; baseline -0.002 -14"><span class='ocrx_word' id='word_1_111' title='bbox 84 1166 355 1221; x_wconf 74' lang='grc' dir='ltr'><em>μετριώμενος</em></span> <span class='ocrx_word' id='word_1_112' title='bbox 393 1173 435 1207; x_wconf 91' lang='lat' dir='ltr'><strong>et</strong></span> <span class='ocrx_word' id='word_1_113' title='bbox 473 1163 686 1221; x_wconf 83' lang='lat' dir='ltr'><strong>reliquis,</strong></span> <span class='ocrx_word' id='word_1_114' title='bbox 734 1163 806 1204; x_wconf 87' lang='lat' dir='ltr'><strong>ubi</strong></span> <span class='ocrx_word' id='word_1_115' title='bbox 843 1180 889 1203; x_wconf 83' lang='grc' dir='ltr'><strong>ιω</strong></span> <span class='ocrx_word' id='word_1_116' title='bbox 922 1171 986 1203; x_wconf 92' lang='lat' dir='ltr'><strong>est</strong></span> <span class='ocrx_word' id='word_1_117' title='bbox 1016 1178 1093 1220; x_wconf 89' lang='lat' dir='ltr'><strong>pro</strong></span> <span class='ocrx_word' id='word_1_118' title='bbox 1127 1163 1201 1204; x_wconf 46' lang='grc' dir='ltr'><strong>ἕως.)</strong></span> <span class='ocrx_word' id='word_1_119' title='bbox 1275 1163 1432 1204; x_wconf 73' lang='lat' dir='ltr'><strong>Veram</strong></span> <span class='ocrx_word' id='word_1_120' title='bbox 1473 1179 1536 1204; x_wconf 81' lang='lat' dir='ltr'><strong>ra—</strong></span> 
     </span>
     <span class='ocr_line' id='line_1_15' title="bbox 84 1230 1537 1288; baseline -0.003 -12"><span class='ocrx_word' id='word_1_121' title='bbox 84 1235 245 1276; x_wconf 87' lang='lat' dir='ltr'><strong>tionem</strong></span> <span class='ocrx_word' id='word_1_122' title='bbox 289 1240 497 1275; x_wconf 90' lang='lat' dir='ltr'><strong>monstrat</strong></span> <span class='ocrx_word' id='word_1_123' title='bbox 534 1230 925 1274; x_wconf 84' lang='lat' dir='ltr'><strong>lonico-Atticum</strong></span> <span class='ocrx_word' id='word_1_124' title='bbox 970 1246 1021 1270; x_wconf 76' lang='grc' dir='ltr'><strong>εω</strong></span> <span class='ocrx_word' id='word_1_125' title='bbox 1061 1247 1138 1288; x_wconf 89' lang='lat' dir='ltr'><strong>pro</strong></span> <span class='ocrx_word' id='word_1_126' title='bbox 1173 1248 1222 1272; x_wconf 88' lang='grc' dir='ltr'><strong>αο</strong></span> <span class='ocrx_word' id='word_1_127' title='bbox 1254 1239 1301 1272; x_wconf 89' lang='lat' dir='ltr'><strong>ut</strong></span> <span class='ocrx_word' id='word_1_128' title='bbox 1332 1230 1431 1278; x_wconf 66' lang='grc' dir='ltr'><strong>λεώς</strong></span> <span class='ocrx_word' id='word_1_129' title='bbox 1460 1246 1537 1287; x_wconf 90' lang='lat' dir='ltr'><strong>pro</strong></span> 
     </span>
     <span class='ocr_line' id='line_1_16' title="bbox 85 1298 1538 1357; baseline -0.003 -14"><span class='ocrx_word' id='word_1_130' title='bbox 85 1301 212 1349; x_wconf 82' lang='grc' dir='ltr'><em>λαός,</em></span> <span class='ocrx_word' id='word_1_131' title='bbox 254 1300 475 1354; x_wconf 70' lang='grc' dir='ltr'><em>’Λτρείδεω</em></span> <span class='ocrx_word' id='word_1_132' title='bbox 514 1316 592 1357; x_wconf 90' lang='lat' dir='ltr'><strong>pro</strong></span> <span class='ocrx_word' id='word_1_133' title='bbox 633 1298 870 1351; x_wconf 56' lang='lat' dir='ltr'><strong>&#39;Azy-siboto.</strong></span> <span class='ocrx_word' id='word_1_134' title='bbox 943 1298 1072 1352; x_wconf 80' lang='lat' dir='ltr'><strong>Quod</strong></span> <span class='ocrx_word' id='word_1_135' title='bbox 1104 1298 1166 1339; x_wconf 87' lang='lat' dir='ltr'><strong>uti</strong></span> <span class='ocrx_word' id='word_1_136' title='bbox 1198 1298 1449 1355; x_wconf 78' lang='lat' dir='ltr'><strong>saepissime</strong></span> <span class='ocrx_word' id='word_1_137' title='bbox 1480 1298 1538 1338; x_wconf 86' lang='lat' dir='ltr'><strong>ita</strong></span> 
     </span>
     <span class='ocr_line' id='line_1_17' title="bbox 85 1366 1538 1426; baseline -0.003 -15"><span class='ocrx_word' id='word_1_138' title='bbox 85 1386 213 1411; x_wconf 88' lang='lat' dir='ltr'><strong>unam</strong></span> <span class='ocrx_word' id='word_1_139' title='bbox 252 1368 463 1426; x_wconf 77' lang='lat' dir='ltr'>syllabam</span> <span class='ocrx_word' id='word_1_140' title='bbox 506 1366 659 1420; x_wconf 85' lang='lat' dir='ltr'><strong>efficit,</strong></span> <span class='ocrx_word' id='word_1_141' title='bbox 706 1367 832 1408; x_wconf 81' lang='lat' dir='ltr'><strong>etiam</strong></span> <span class='ocrx_word' id='word_1_142' title='bbox 874 1367 927 1407; x_wconf 89' lang='lat' dir='ltr'><strong>ad</strong></span> <span class='ocrx_word' id='word_1_143' title='bbox 967 1373 1170 1408; x_wconf 86' lang='lat' dir='ltr'><strong>accentus</strong></span> <span class='ocrx_word' id='word_1_144' title='bbox 1212 1366 1446 1419; x_wconf 86' lang='lat' dir='ltr'><strong>rationem,</strong></span> <span class='ocrx_word' id='word_1_145' title='bbox 1492 1374 1538 1407; x_wconf 81' lang='lat' dir='ltr'><strong>ut</strong></span> 
     </span>
     <span class='ocr_line' id='line_1_18' title="bbox 85 1434 1534 1495; baseline -0.003 -16"><span class='ocrx_word' id='word_1_146' title='bbox 85 1436 342 1495; x_wconf 75' lang='lat' dir='ltr'><strong>diphthongi</strong></span> <span class='ocrx_word' id='word_1_147' title='bbox 371 1436 509 1477; x_wconf 88' lang='lat' dir='ltr'><strong>instar</strong></span> <span class='ocrx_word' id='word_1_148' title='bbox 537 1434 779 1476; x_wconf 87' lang='lat' dir='ltr'><strong>habendum</strong></span> <span class='ocrx_word' id='word_1_149' title='bbox 812 1434 893 1487; x_wconf 88' lang='lat' dir='ltr'><strong>sit,</strong></span> <span class='ocrx_word' id='word_1_150' title='bbox 928 1434 984 1475; x_wconf 89' lang='lat' dir='ltr'><strong>ita</strong></span> <span class='ocrx_word' id='word_1_151' title='bbox 1017 1451 1088 1483; x_wconf 86' lang='grc' dir='ltr'><strong>ιω,</strong></span> <span class='ocrx_word' id='word_1_152' title='bbox 1121 1450 1253 1490; x_wconf 89' lang='lat' dir='ltr'><strong>quum</strong></span> <span class='ocrx_word' id='word_1_153' title='bbox 1284 1441 1349 1475; x_wconf 88' lang='lat' dir='ltr'><strong>est</strong></span> <span class='ocrx_word' id='word_1_154' title='bbox 1371 1449 1450 1490; x_wconf 91' lang='lat' dir='ltr'><strong>pro</strong></span> <span class='ocrx_word' id='word_1_155' title='bbox 1477 1450 1534 1482; x_wconf 79' lang='grc' dir='ltr'><strong>εο,</strong></span> 
     </span>
     <span class='ocr_line' id='line_1_19' title="bbox 85 1501 1537 1562; baseline -0.003 -16"><span class='ocrx_word' id='word_1_156' title='bbox 85 1503 380 1562; x_wconf 83' lang='lat' dir='ltr'><strong>diphthongus</strong></span> <span class='ocrx_word' id='word_1_157' title='bbox 411 1511 476 1546; x_wconf 91' lang='lat' dir='ltr'><strong>est</strong></span> <span class='ocrx_word' id='word_1_158' title='bbox 506 1511 577 1545; x_wconf 85' lang='lat' dir='ltr'><strong>aut</strong></span> <span class='ocrx_word' id='word_1_159' title='bbox 607 1503 865 1561; x_wconf 76' lang='lat' dir='ltr'><strong>diphthongi</strong></span> <span class='ocrx_word' id='word_1_160' title='bbox 889 1502 1029 1544; x_wconf 85' lang='lat' dir='ltr'><strong>simile</strong></span> <span class='ocrx_word' id='word_1_161' title='bbox 1052 1509 1092 1542; x_wconf 89' lang='lat' dir='ltr'><strong>et</strong></span> <span class='ocrx_word' id='word_1_162' title='bbox 1114 1501 1406 1542; x_wconf 85' lang='lat' dir='ltr'><strong>contractione</strong></span> <span class='ocrx_word' id='word_1_163' title='bbox 1436 1517 1537 1559; x_wconf 86' lang='lat' dir='ltr'><strong>qua-</strong></span> 
     </span>
     <span class='ocr_line' id='line_1_20' title="bbox 86 1571 1537 1627; baseline -0.002 -13"><span class='ocrx_word' id='word_1_164' title='bbox 86 1573 182 1614; x_wconf 88' lang='lat' dir='ltr'><strong>dam</strong></span> <span class='ocrx_word' id='word_1_165' title='bbox 214 1579 375 1612; x_wconf 86' lang='lat' dir='ltr'><strong>natum.</strong></span> <span class='ocrx_word' id='word_1_166' title='bbox 449 1571 546 1613; x_wconf 90' lang='lat' dir='ltr'><strong>Jam</strong></span> <span class='ocrx_word' id='word_1_167' title='bbox 584 1587 687 1614; x_wconf 81' lang='lat' dir='ltr'><strong>vero</strong></span> <span class='ocrx_word' id='word_1_168' title='bbox 729 1577 929 1627; x_wconf 86' lang='lat' dir='ltr'><strong>apparet,</strong></span> <span class='ocrx_word' id='word_1_169' title='bbox 978 1587 1025 1610; x_wconf 83' lang='grc' dir='ltr'><strong>ιω</strong></span> <span class='ocrx_word' id='word_1_170' title='bbox 1055 1585 1133 1627; x_wconf 90' lang='lat' dir='ltr'><strong>pro</strong></span> <span class='ocrx_word' id='word_1_171' title='bbox 1165 1585 1216 1610; x_wconf 77' lang='grc' dir='ltr'><strong>εω</strong></span> <span class='ocrx_word' id='word_1_172' title='bbox 1248 1577 1289 1610; x_wconf 86' lang='lat' dir='ltr'><strong>et</strong></span> <span class='ocrx_word' id='word_1_173' title='bbox 1319 1587 1356 1610; x_wconf 81' lang='grc' dir='ltr'><strong>ιο</strong></span> <span class='ocrx_word' id='word_1_174' title='bbox 1386 1585 1464 1626; x_wconf 89' lang='lat' dir='ltr'><strong>pro</strong></span> <span class='ocrx_word' id='word_1_175' title='bbox 1496 1586 1537 1611; x_wconf 76' lang='grc' dir='ltr'><strong>ευ</strong></span> 
     </span>
     <span class='ocr_line' id='line_1_21' title="bbox 86 1637 1538 1694; baseline -0.003 -12"><span class='ocrx_word' id='word_1_176' title='bbox 86 1641 131 1682; x_wconf 89' lang='grc'><strong>111</strong></span> <span class='ocrx_word' id='word_1_177' title='bbox 161 1639 306 1681; x_wconf 80' lang='lat' dir='ltr'><strong>verbis</strong></span> <span class='ocrx_word' id='word_1_178' title='bbox 337 1640 595 1692; x_wconf 83' lang='lat' dir='ltr'><strong>contractis,</strong></span> <span class='ocrx_word' id='word_1_179' title='bbox 645 1639 803 1680; x_wconf 88' lang='lat' dir='ltr'><strong>futuris</strong></span> <span class='ocrx_word' id='word_1_180' title='bbox 843 1645 885 1679; x_wconf 87' lang='lat' dir='ltr'><strong>ct</strong></span> <span class='ocrx_word' id='word_1_181' title='bbox 922 1637 1254 1694; x_wconf 84' lang='lat' dir='ltr'><strong>pronominibus</strong></span> <span class='ocrx_word' id='word_1_182' title='bbox 1295 1653 1380 1678; x_wconf 92' lang='lat' dir='ltr'><strong>non</strong></span> <span class='ocrx_word' id='word_1_183' title='bbox 1409 1653 1538 1694; x_wconf 88' lang='lat' dir='ltr'><strong>posse</strong></span> 
     </span>
     <span class='ocr_line' id='line_1_22' title="bbox 85 1705 1537 1763; baseline -0.003 -14"><span class='ocrx_word' id='word_1_184' title='bbox 85 1707 210 1750; x_wconf 89' lang='lat' dir='ltr'><strong>aliam</strong></span> <span class='ocrx_word' id='word_1_185' title='bbox 244 1707 456 1763; x_wconf 74' lang='lat' dir='ltr'><strong>originem</strong></span> <span class='ocrx_word' id='word_1_186' title='bbox 490 1706 674 1758; x_wconf 88' lang='lat' dir='ltr'><strong>habere,</strong></span> <span class='ocrx_word' id='word_1_187' title='bbox 719 1706 794 1746; x_wconf 90' lang='lat' dir='ltr'><strong>sed</strong></span> <span class='ocrx_word' id='word_1_188' title='bbox 835 1705 961 1746; x_wconf 87' lang='lat' dir='ltr'><strong>etiam</strong></span> <span class='ocrx_word' id='word_1_189' title='bbox 991 1706 1096 1746; x_wconf 84' lang='lat' dir='ltr'><strong>haec</strong></span> <span class='ocrx_word' id='word_1_190' title='bbox 1127 1705 1418 1746; x_wconf 86' lang='lat' dir='ltr'><strong>contrahendo</strong></span> <span class='ocrx_word' id='word_1_191' title='bbox 1448 1713 1537 1745; x_wconf 85' lang='lat' dir='ltr'><strong>orta</strong></span> 
     </span>
     <span class='ocr_line' id='line_1_23' title="bbox 86 1772 1538 1831; baseline -0.003 -14"><span class='ocrx_word' id='word_1_192' title='bbox 86 1791 182 1817; x_wconf 90' lang='lat' dir='ltr'><strong>esse</strong></span> <span class='ocrx_word' id='word_1_193' title='bbox 213 1782 255 1816; x_wconf 92' lang='lat' dir='ltr'><strong>et</strong></span> <span class='ocrx_word' id='word_1_194' title='bbox 284 1774 408 1831; x_wconf 86' lang='lat' dir='ltr'><strong>quasi</strong></span> <span class='ocrx_word' id='word_1_195' title='bbox 438 1773 728 1831; x_wconf 80' lang='lat' dir='ltr'><strong>diphthongos</strong></span> <span class='ocrx_word' id='word_1_196' title='bbox 760 1777 1028 1831; x_wconf 83' lang='lat' dir='ltr'><strong>(compares,</strong></span> <span class='ocrx_word' id='word_1_197' title='bbox 1074 1788 1257 1830; x_wconf 80' lang='lat' dir='ltr'><strong>quaeso,</strong></span> <span class='ocrx_word' id='word_1_198' title='bbox 1306 1772 1538 1829; x_wconf 78' lang='lat' dir='ltr'><strong>diphthon-</strong></span> 
     </span>
     <span class='ocr_line' id='line_1_24' title="bbox 87 1838 1537 1901; baseline -0.002 -18"><span class='ocrx_word' id='word_1_199' title='bbox 87 1858 164 1901; x_wconf 79' lang='lat' dir='ltr'><strong>gos</strong></span> <span class='ocrx_word' id='word_1_200' title='bbox 197 1842 249 1883; x_wconf 91' lang='lat' dir='ltr'><strong>io</strong></span> <span class='ocrx_word' id='word_1_201' title='bbox 280 1849 321 1883; x_wconf 87' lang='lat' dir='ltr'><strong>et</strong></span> <span class='ocrx_word' id='word_1_202' title='bbox 351 1842 405 1882; x_wconf 89' lang='grc'><strong>111</strong></span> <span class='ocrx_word' id='word_1_203' title='bbox 434 1841 479 1882; x_wconf 84' lang='grc'><strong>111</strong></span> <span class='ocrx_word' id='word_1_204' title='bbox 511 1841 753 1898; x_wconf 87' lang='lat' dir='ltr'><strong>antiquiore</strong></span> <span class='ocrx_word' id='word_1_205' title='bbox 782 1841 932 1897; x_wconf 88' lang='lat' dir='ltr'><strong>lingua</strong></span> <span class='ocrx_word' id='word_1_206' title='bbox 957 1838 1226 1895; x_wconf 84' lang='lat' dir='ltr'><strong>Theotisca).</strong></span> <span class='ocrx_word' id='word_1_207' title='bbox 1271 1839 1442 1893; x_wconf 79' lang='lat' dir='ltr'><strong>Quibus</strong></span> <span class='ocrx_word' id='word_1_208' title='bbox 1474 1839 1537 1880; x_wconf 91' lang='lat' dir='ltr'><strong>in-</strong></span> 
     </span>
     <span class='ocr_line' id='line_1_25' title="bbox 85 1908 1538 1966; baseline -0.003 -14"><span class='ocrx_word' id='word_1_209' title='bbox 85 1909 271 1952; x_wconf 86' lang='lat' dir='ltr'><strong>tellectis</strong></span> <span class='ocrx_word' id='word_1_210' title='bbox 303 1910 512 1963; x_wconf 86' lang='lat' dir='ltr'><strong>aliorum,</strong></span> <span class='ocrx_word' id='word_1_211' title='bbox 545 1925 654 1966; x_wconf 88' lang='lat' dir='ltr'><strong>quae</strong></span> <span class='ocrx_word' id='word_1_212' title='bbox 685 1909 791 1950; x_wconf 84' lang='lat' dir='ltr'><strong>mira</strong></span> <span class='ocrx_word' id='word_1_213' title='bbox 814 1909 959 1960; x_wconf 20' lang='lat' dir='ltr'><strong>‘videri</strong></span> <span class='ocrx_word' id='word_1_214' title='bbox 989 1908 1184 1966; x_wconf 86' lang='lat' dir='ltr'><strong>possint,</strong></span> <span class='ocrx_word' id='word_1_215' title='bbox 1219 1908 1327 1949; x_wconf 84' lang='lat' dir='ltr'><strong>ratio</strong></span> <span class='ocrx_word' id='word_1_216' title='bbox 1348 1914 1389 1948; x_wconf 91' lang='lat' dir='ltr'><strong>et</strong></span> <span class='ocrx_word' id='word_1_217' title='bbox 1409 1922 1538 1949; x_wconf 87' lang='lat' dir='ltr'><strong>causa</strong></span> 
     </span>
     <span class='ocr_line' id='line_1_26' title="bbox 85 1975 1537 2035; baseline -0.002 -16"><span class='ocrx_word' id='word_1_218' title='bbox 85 1979 244 2035; x_wconf 88' lang='lat' dir='ltr'><strong>patefit.</strong></span> <span class='ocrx_word' id='word_1_219' title='bbox 307 1977 502 2018; x_wconf 90' lang='lat' dir='ltr'><strong>Primum</strong></span> <span class='ocrx_word' id='word_1_220' title='bbox 543 1993 620 2018; x_wconf 85' lang='lat' dir='ltr'><strong>cur</strong></span> <span class='ocrx_word' id='word_1_221' title='bbox 657 1992 735 2033; x_wconf 88' lang='lat' dir='ltr'><strong>pro</strong></span> <span class='ocrx_word' id='word_1_222' title='bbox 777 1994 816 2018; x_wconf 71' lang='grc' dir='ltr'><strong>ευ</strong></span> <span class='ocrx_word' id='word_1_223' title='bbox 856 1975 1099 2034; x_wconf 85' lang='lat' dir='ltr'><strong>promiscue</strong></span> <span class='ocrx_word' id='word_1_224' title='bbox 1138 1992 1174 2016; x_wconf 81' lang='grc' dir='ltr'><strong>ιο</strong></span> <span class='ocrx_word' id='word_1_225' title='bbox 1215 1982 1256 2015; x_wconf 88' lang='lat' dir='ltr'><strong>et</strong></span> <span class='ocrx_word' id='word_1_226' title='bbox 1300 1992 1347 2014; x_wconf 80' lang='grc' dir='ltr'><strong>ιω</strong></span> <span class='ocrx_word' id='word_1_227' title='bbox 1379 1976 1537 2032; x_wconf 80' lang='lat' dir='ltr'><strong>scripta</strong></span> 
     </span>
     <span class='ocr_line' id='line_1_27' title="bbox 90 2042 1537 2102; baseline -0.002 -15"><span class='ocrx_word' id='word_1_228' title='bbox 90 2046 205 2100; x_wconf 65' lang='lat' dir='ltr'><strong>sint,</strong></span> <span class='ocrx_word' id='word_1_229' title='bbox 253 2045 421 2086; x_wconf 88' lang='lat' dir='ltr'><strong>scilicet</strong></span> <span class='ocrx_word' id='word_1_230' title='bbox 449 2045 495 2086; x_wconf 89' lang='lat' dir='ltr'><strong>in</strong></span> <span class='ocrx_word' id='word_1_231' title='bbox 527 2044 800 2102; x_wconf 74' lang='lat' dir='ltr'><strong>diphthongo</strong></span> <span class='ocrx_word' id='word_1_232' title='bbox 830 2060 917 2086; x_wconf 91' lang='lat' dir='ltr'><strong>non</strong></span> <span class='ocrx_word' id='word_1_233' title='bbox 946 2044 1129 2086; x_wconf 85' lang='lat' dir='ltr'><strong>multum</strong></span> <span class='ocrx_word' id='word_1_234' title='bbox 1158 2042 1361 2095; x_wconf 79' lang='lat' dir='ltr'><strong>interest,</strong></span> <span class='ocrx_word' id='word_1_235' title='bbox 1394 2051 1537 2084; x_wconf 85' lang='lat' dir='ltr'><strong>utrum</strong></span> 
     </span>
     <span class='ocr_line' id='line_1_28' title="bbox 89 2110 1536 2169; baseline -0.002 -15"><span class='ocrx_word' id='word_1_236' title='bbox 89 2113 222 2155; x_wconf 83' lang='lat' dir='ltr'><strong>altera</strong></span> <span class='ocrx_word' id='word_1_237' title='bbox 258 2112 421 2154; x_wconf 84' lang='lat' dir='ltr'><strong>vocalis</strong></span> <span class='ocrx_word' id='word_1_238' title='bbox 460 2113 720 2169; x_wconf 85' lang='lat' dir='ltr'><strong>producatur</strong></span> <span class='ocrx_word' id='word_1_239' title='bbox 757 2129 809 2154; x_wconf 90' lang='lat' dir='ltr'><strong>an</strong></span> <span class='ocrx_word' id='word_1_240' title='bbox 851 2111 1138 2169; x_wconf 85' lang='lat' dir='ltr'><strong>corripiatur,</strong></span> <span class='ocrx_word' id='word_1_241' title='bbox 1184 2110 1247 2151; x_wconf 88' lang='lat' dir='ltr'><strong>uti</strong></span> <span class='ocrx_word' id='word_1_242' title='bbox 1284 2111 1536 2167; x_wconf 86' lang='lat' dir='ltr'><strong>saepissime</strong></span> 
     </span>
     <span class='ocr_line' id='line_1_29' title="bbox 87 2179 1532 2238; baseline -0.001 -17"><span class='ocrx_word' id='word_1_243' title='bbox 87 2180 133 2221; x_wconf 92' lang='lat' dir='ltr'><strong>in</strong></span> <span class='ocrx_word' id='word_1_244' title='bbox 163 2179 332 2238; x_wconf 82' lang='lat' dir='ltr'><strong>vulgari</strong></span> <span class='ocrx_word' id='word_1_245' title='bbox 360 2180 512 2237; x_wconf 84' lang='lat' dir='ltr'><strong>lingua</strong></span> <span class='ocrx_word' id='word_1_246' title='bbox 542 2179 719 2238; x_wconf 88' lang='lat' dir='ltr'><strong>scriptio</strong></span> <span class='ocrx_word' id='word_1_247' title='bbox 749 2181 928 2222; x_wconf 85' lang='lat' dir='ltr'><strong>fluctuat</strong></span> <span class='ocrx_word' id='word_1_248' title='bbox 965 2180 1078 2220; x_wconf 82' lang='lat' dir='ltr'><strong>inter</strong></span> <span class='ocrx_word' id='word_1_249' title='bbox 1117 2198 1139 2233; x_wconf 66' lang='grc' dir='ltr'><em>ῃ</em></span> <span class='ocrx_word' id='word_1_250' title='bbox 1173 2186 1214 2219; x_wconf 87' lang='lat' dir='ltr'><strong>et</strong></span> <span class='ocrx_word' id='word_1_251' title='bbox 1244 2194 1300 2228; x_wconf 71' lang='grc' dir='ltr'><strong>ει,</strong></span> <span class='ocrx_word' id='word_1_252' title='bbox 1348 2197 1378 2231; x_wconf 77' lang='grc' dir='ltr'>ῳ</span> <span class='ocrx_word' id='word_1_253' title='bbox 1407 2186 1448 2220; x_wconf 87' lang='lat' dir='ltr'><strong>et</strong></span> <span class='ocrx_word' id='word_1_254' title='bbox 1478 2196 1532 2227; x_wconf 74' lang='lat' dir='ltr'><strong>oo,</strong></span> 
     </span>
     <span class='ocr_line' id='line_1_30' title="bbox 89 2246 1534 2302; baseline -0.003 -13"><span class='ocrx_word' id='word_1_255' title='bbox 89 2265 114 2300; x_wconf 84' lang='grc' dir='ltr'>ᾳ</span> <span class='ocrx_word' id='word_1_256' title='bbox 145 2255 187 2289; x_wconf 90' lang='lat' dir='ltr'><strong>et</strong></span> <span class='ocrx_word' id='word_1_257' title='bbox 217 2265 274 2289; x_wconf 78' lang='grc' dir='ltr'><strong>αι.</strong></span> <span class='ocrx_word' id='word_1_258' title='bbox 348 2246 519 2288; x_wconf 89' lang='lat' dir='ltr'><strong>Deinde</strong></span> <span class='ocrx_word' id='word_1_259' title='bbox 558 2263 635 2289; x_wconf 89' lang='lat' dir='ltr'><strong>eur</strong></span> <span class='ocrx_word' id='word_1_260' title='bbox 666 2248 979 2290; x_wconf 86' lang='lat' dir='ltr'><strong>Heracleenses</strong></span> <span class='ocrx_word' id='word_1_261' title='bbox 1019 2246 1242 2288; x_wconf 86' lang='lat' dir='ltr'><strong>certiorem</strong></span> <span class='ocrx_word' id='word_1_262' title='bbox 1272 2262 1365 2287; x_wconf 85' lang='lat' dir='ltr'><strong>eam</strong></span> <span class='ocrx_word' id='word_1_263' title='bbox 1394 2247 1534 2302; x_wconf 85' lang='lat' dir='ltr'><strong>legem</strong></span> 
     </span>
     <span class='ocr_line' id='line_1_31' title="bbox 88 2313 1534 2372; baseline -0.002 -15"><span class='ocrx_word' id='word_1_264' title='bbox 88 2315 262 2372; x_wconf 83' lang='lat' dir='ltr'><strong>sequuti</strong></span> <span class='ocrx_word' id='word_1_265' title='bbox 294 2313 407 2367; x_wconf 85' lang='lat' dir='ltr'><strong>sint,</strong></span> <span class='ocrx_word' id='word_1_266' title='bbox 451 2322 500 2355; x_wconf 90' lang='lat' dir='ltr'><strong>ut</strong></span> <span class='ocrx_word' id='word_1_267' title='bbox 529 2331 569 2356; x_wconf 74' lang='grc' dir='ltr'><strong>εο</strong></span> <span class='ocrx_word' id='word_1_268' title='bbox 601 2316 646 2356; x_wconf 87' lang='grc'><strong>111</strong></span> <span class='ocrx_word' id='word_1_269' title='bbox 677 2333 724 2356; x_wconf 85' lang='grc' dir='ltr'><strong>ιω</strong></span> <span class='ocrx_word' id='word_1_270' title='bbox 756 2323 996 2369; x_wconf 85' lang='lat' dir='ltr'><strong>mutarent,</strong></span> <span class='ocrx_word' id='word_1_271' title='bbox 1037 2331 1167 2372; x_wconf 90' lang='lat' dir='ltr'><strong>quum</strong></span> <span class='ocrx_word' id='word_1_272' title='bbox 1200 2314 1364 2371; x_wconf 74' lang='lat' dir='ltr'><strong>syllaba</strong></span> <span class='ocrx_word' id='word_1_273' title='bbox 1394 2313 1534 2354; x_wconf 74' lang='lat' dir='ltr'><strong>vocali</strong></span> 
     </span>
     <span class='ocr_line' id='line_1_32' title="bbox 87 2381 1534 2440; baseline -0.001 -16"><span class='ocrx_word' id='word_1_274' title='bbox 87 2382 301 2425; x_wconf 84' lang='lat' dir='ltr'><strong>clauditur</strong></span> <span class='ocrx_word' id='word_1_275' title='bbox 333 2389 378 2422; x_wconf 88' lang='lat' dir='ltr'><strong>ut</strong></span> <span class='ocrx_word' id='word_1_276' title='bbox 407 2382 670 2436; x_wconf 74' lang='grc' dir='ltr'><em>ἕμετρίωμες,</em></span> <span class='ocrx_word' id='word_1_277' title='bbox 701 2383 994 2439; x_wconf 75' lang='grc' dir='ltr'><strong>μετριώμενος,</strong></span> <span class='ocrx_word' id='word_1_278' title='bbox 1028 2383 1284 2440; x_wconf 84' lang='lat' dir='ltr'><strong>quibuscum</strong></span> <span class='ocrx_word' id='word_1_279' title='bbox 1316 2381 1534 2438; x_wconf 79' lang='lat' dir='ltr'><strong>conspirat</strong></span> 
     </span>
     <span class='ocr_line' id='line_1_33' title="bbox 87 2448 1529 2509; baseline -0.002 -17"><span class='ocrx_word' id='word_1_280' title='bbox 87 2449 412 2507; x_wconf 79' lang='lat' dir='ltr'><strong>Hesychianum</strong></span> <span class='ocrx_word' id='word_1_281' title='bbox 454 2449 742 2502; x_wconf 69' lang='grc' dir='ltr'><em>Γηλιώμενος,</em></span> <span class='ocrx_word' id='word_1_282' title='bbox 803 2459 1020 2509; x_wconf 84' lang='lat' dir='ltr'><strong>praeterea</strong></span> <span class='ocrx_word' id='word_1_283' title='bbox 1072 2450 1117 2491; x_wconf 90' lang='lat' dir='ltr'><strong>in</strong></span> <span class='ocrx_word' id='word_1_284' title='bbox 1162 2467 1198 2491; x_wconf 86' lang='grc' dir='ltr'><strong>ιο</strong></span> <span class='ocrx_word' id='word_1_285' title='bbox 1243 2457 1288 2491; x_wconf 89' lang='lat' dir='ltr'><strong>ut</strong></span> <span class='ocrx_word' id='word_1_286' title='bbox 1335 2448 1529 2497; x_wconf 74' lang='grc' dir='ltr'><strong>ἐξεπόἱον,</strong></span> 
     </span>
     <span class='ocr_line' id='line_1_34' title="bbox 91 2516 1530 2576; baseline -0.001 -17"><span class='ocrx_word' id='word_1_287' title='bbox 91 2517 385 2571; x_wconf 64' lang='grc' dir='ltr'><em>ἇνανγε),ιόυτι5</em></span> <span class='ocrx_word' id='word_1_288' title='bbox 430 2516 541 2558; x_wconf 86' lang='lat' dir='ltr'><strong>haud</strong></span> <span class='ocrx_word' id='word_1_289' title='bbox 581 2517 709 2559; x_wconf 83' lang='lat' dir='ltr'><strong>dubie</strong></span> <span class='ocrx_word' id='word_1_290' title='bbox 739 2517 830 2560; x_wconf 87' lang='lat' dir='ltr'><strong>illie</strong></span> <span class='ocrx_word' id='word_1_291' title='bbox 858 2518 1086 2576; x_wconf 88' lang='lat' dir='ltr'><strong>productio</strong></span> <span class='ocrx_word' id='word_1_292' title='bbox 1116 2517 1254 2574; x_wconf 88' lang='lat' dir='ltr'><strong>magis</strong></span> <span class='ocrx_word' id='word_1_293' title='bbox 1284 2517 1530 2574; x_wconf 85' lang='lat' dir='ltr'><strong>apparebat,</strong></span> 
     </span>
     <span class='ocr_line' id='line_1_35' title="bbox 88 2584 1532 2643; baseline -0.001 -16"><span class='ocrx_word' id='word_1_294' title='bbox 88 2601 221 2642; x_wconf 88' lang='lat' dir='ltr'><strong>quum</strong></span> <span class='ocrx_word' id='word_1_295' title='bbox 250 2592 346 2626; x_wconf 88' lang='lat' dir='ltr'><strong>ante</strong></span> <span class='ocrx_word' id='word_1_296' title='bbox 375 2599 606 2627; x_wconf 84' lang='lat' dir='ltr'><strong>consonam</strong></span> <span class='ocrx_word' id='word_1_297' title='bbox 637 2585 682 2625; x_wconf 91' lang='grc'><strong>111</strong></span> <span class='ocrx_word' id='word_1_298' title='bbox 713 2585 858 2627; x_wconf 88' lang='lat' dir='ltr'><strong>eadem</strong></span> <span class='ocrx_word' id='word_1_299' title='bbox 884 2586 1046 2642; x_wconf 76' lang='lat' dir='ltr'><strong>syllaba</strong></span> <span class='ocrx_word' id='word_1_300' title='bbox 1069 2592 1316 2643; x_wconf 83' lang='lat' dir='ltr'><strong>sequentem</strong></span> <span class='ocrx_word' id='word_1_301' title='bbox 1345 2584 1532 2626; x_wconf 81' lang='lat' dir='ltr'><strong>secunda</strong></span> 
     </span>
     <span class='ocr_line' id='line_1_36' title="bbox 90 2652 1531 2710; baseline 0.001 -17"><span class='ocrx_word' id='word_1_302' title='bbox 90 2652 346 2710; x_wconf 79' lang='lat' dir='ltr'><strong>diphthongi</strong></span> <span class='ocrx_word' id='word_1_303' title='bbox 376 2668 475 2709; x_wconf 89' lang='lat' dir='ltr'><strong>pars</strong></span> <span class='ocrx_word' id='word_1_304' title='bbox 504 2652 803 2709; x_wconf 85' lang='lat' dir='ltr'><strong>corriperetur.</strong></span> <span class='ocrx_word' id='word_1_305' title='bbox 867 2653 971 2694; x_wconf 87' lang='lat' dir='ltr'><strong>Eam</strong></span> <span class='ocrx_word' id='word_1_306' title='bbox 1002 2661 1143 2694; x_wconf 84' lang='lat' dir='ltr'><strong>tamen</strong></span> <span class='ocrx_word' id='word_1_307' title='bbox 1172 2653 1311 2708; x_wconf 86' lang='lat' dir='ltr'><strong>legem</strong></span> <span class='ocrx_word' id='word_1_308' title='bbox 1342 2668 1421 2694; x_wconf 89' lang='lat' dir='ltr'><strong>nec</strong></span> <span class='ocrx_word' id='word_1_309' title='bbox 1446 2652 1531 2694; x_wconf 80' lang='lat' dir='ltr'><strong>Ta-</strong></span> 
     </span>
     <span class='ocr_line' id='line_1_37' title="bbox 89 2719 1527 2777; baseline 0 -17"><span class='ocrx_word' id='word_1_310' title='bbox 89 2719 254 2761; x_wconf 87' lang='lat' dir='ltr'><strong>rentina</strong></span> <span class='ocrx_word' id='word_1_311' title='bbox 286 2720 479 2777; x_wconf 81' lang='lat' dir='ltr'><strong>exempla</strong></span> <span class='ocrx_word' id='word_1_312' title='bbox 512 2727 706 2773; x_wconf 75' lang='lat' dir='ltr'><strong>servant,</strong></span> <span class='ocrx_word' id='word_1_313' title='bbox 753 2727 800 2761; x_wconf 86' lang='lat' dir='ltr'><strong>ut</strong></span> <span class='ocrx_word' id='word_1_314' title='bbox 840 2720 1212 2773; x_wconf 72' lang='grc' dir='ltr'><em>κλαυμαριόμενος,</em></span> <span class='ocrx_word' id='word_1_315' title='bbox 1259 2721 1368 2772; x_wconf 73' lang='grc' dir='ltr'><em>ἔμιό,</em></span> <span class='ocrx_word' id='word_1_316' title='bbox 1416 2721 1527 2771; x_wconf 77' lang='grc' dir='ltr'><em>ἐμίω,</em></span> 
     </span>
     <span class='ocr_line' id='line_1_38' title="bbox 94 2787 1532 2845; baseline 0.003 -20"><span class='ocrx_word' id='word_1_317' title='bbox 94 2787 235 2839; x_wconf 79' lang='grc' dir='ltr'><em>ἔμίως,</em></span> <span class='ocrx_word' id='word_1_318' title='bbox 268 2803 345 2829; x_wconf 89' lang='grc'><strong>1166</strong></span> <span class='ocrx_word' id='word_1_319' title='bbox 364 2788 580 2830; x_wconf 88' lang='lat' dir='ltr'><strong>Laconica</strong></span> <span class='ocrx_word' id='word_1_320' title='bbox 610 2788 678 2830; x_wconf 75' lang='lat' dir='ltr'><strong>vel</strong></span> <span class='ocrx_word' id='word_1_321' title='bbox 699 2787 891 2841; x_wconf 85' lang='lat' dir='ltr'><strong>Cretica,</strong></span> <span class='ocrx_word' id='word_1_322' title='bbox 924 2804 1033 2844; x_wconf 84' lang='lat' dir='ltr'><strong>quae</strong></span> <span class='ocrx_word' id='word_1_323' title='bbox 1063 2787 1225 2844; x_wconf 84' lang='lat' dir='ltr'><strong>ubique</strong></span> <span class='ocrx_word' id='word_1_324' title='bbox 1256 2804 1294 2828; x_wconf 85' lang='grc' dir='ltr'><strong>ιο</strong></span> <span class='ocrx_word' id='word_1_325' title='bbox 1326 2789 1532 2845; x_wconf 77' lang='lat' dir='ltr'><strong>praebent</strong></span> 
     </span>
    </p>
   </div>
   <div class='ocr_carea' id='block_1_3' title="bbox 1199 2872 1277 2912">
    <p class='ocr_par' dir='ltr' id='par_1_3' title="bbox 1199 2872 1277 2912">
     <span class='ocr_line' id='line_1_39' title="bbox 1199 2872 1277 2912; baseline 0 0"><span class='ocrx_word' id='word_1_326' title='bbox 1199 2872 1277 2912; x_wconf 70' lang='lat'><strong>14*</strong></span> 
     </span>
    </p>
   </div>
  </div>
 </body>
</html>
