1779 3079
505 200 547 258 §.
589 200 664 249 19.
736 200 808 246 De
845 221 873 244 α
911 216 995 260 pro
1032 220 1070 254 η.
1419 196 1514 246 139

72 336 195 377 Eum.
225 335 334 390 317,
366 334 520 377 deinde
549 335 596 376 in
627 332 942 388 κεντροὸάλητος
972 333 1127 391 Suppl.
1156 332 1263 387 558,
1294 339 1337 375 et
1362 333 1513 391 proha-

68 402 148 444 hili
178 403 423 459 conjectura
451 404 497 444 in
526 404 687 460 Amph.
720 401 855 455 1688,
887 402 942 444 48
985 416 1008 442 a
1047 401 1172 442 nohis
1202 401 1417 442 δαλέωνται
1449 417 1514 444 re-

71 471 265 513 stitutum
293 478 383 527 est,
423 471 570 512 eodem
600 469 819 528 pertinent
847 468 1014 525 glossae
1044 467 1342 524 Hesychiauae
1374 468 1512 519 δάλαν,

71 538 199 591 λύμην
227 561 280 568 ·-
323 537 614 590 δαλήσασθαι,
658 536 920 590 λυμήνασθαι
949 542 1030 578 etc.
1092 535 1236 589 Quare
1264 553 1404 594 neque
1436 537 1514 578 La-

70 606 208 648 tinum
237 606 421 647 delere
452 611 679 662 cognatum
708 604 877 647 videtur
920 619 1061 662 neque
1091 609 1205 646 recte
1228 603 1516 659 judicavimus

71 674 123 715 L.
157 674 177 715 Ι
216 676 257 727 ξ.
295 673 372 727 13,
404 672 444 714 5.

182 744 389 794 Λᾶλος,
419 739 579 788 Αάλιος
607 754 686 797 pro
715 741 883 794 Δῆλος,
915 737 1074 790 Δήλιος
1104 737 1234 780 Pind.
1266 739 1429 797 Tragg.

178 807 436 862 Δαμάτηρ
467 807 597 849 Pind.
630 807 714 848 titt.

181 876 310 928 ὁᾶμο
327 893 347 924 ς
377 884 419 918 et
447 891 557 934 quae
587 875 688 917 inde
718 874 986 916 descendunt
1011 874 1276 933 saepissime.

185 942 276 984 δάν
305 959 384 1001 pro
416 943 490 993 δήν
520 943 671 1002 Apoll.
704 942 755 984 de
785 941 878 984 adv.
913 942 1021 997 570,
1053 944 1133 997 21,
1177 958 1255 1000 pro
1294 957 1380 1000 quo
1421 942 1519 984 δοάν

68 1010 213 1053 Alcm.
246 1011 359 1069 apud
391 1011 554 1053 Scholl.
581 1011 715 1053 Dion.
738 1009 846 1051 Thr.
877 1011 977 1065 949,
1007 1010 1088 1066 203
1120 1009 1287 1058 ὃαναιός
1317 1026 1370 1052 ex
1400 1026 1518 1067 egre-

70 1078 140 1136 gia
181 1078 397 1121 Dindorfii
440 1078 736 1120 emendatione
773 1078 935 1120 Aesch.
978 1078 1102 1120 Eum.
1143 1078 1258 1133 8083
1309 1078 1518 1120 Doricum

72 1148 149 1202 ὸαρ
157 1145 201 1188 όν
216 1147 345 1188 Pind.
362 1146 524 1203 Tragg.
545 1162 599 1187 ne
617 1145 669 1187 ab
684 1145 831 1188 Attica
848 1145 1021 1203 quidem
1037 1146 1219 1188 dialecto
1234 1146 1421 1188 alienum
1437 1153 1515 1188 est.

182 1214 236 1255 δύ
254 1231 444 1263 στανος
472 1229 551 1271 pro
583 1213 779 1264 δύστηνος·
807 1212 937 1255 Pind.
970 1214 1132 1271 Tragg.

182 1283 369 1330 ἕκαλος
400 1298 479 1339 pro
509 1285 651 1332 ἕκηλος
671 1281 831 1337 Pind.3
862 1297 959 1323 nam
990 1285 1104 1323 ἕκατι
1130 1282 1256 1325 etiam
1276 1281 1520 1325 Atticorum

70 1353 291 1408 poetarum
322 1356 402 1390 est.

181 1419 230 1465 ἑξ
245 1419 301 1457 ἄν
330 1433 408 1475 pro
431 1419 521 1467 ἑξῆς
537 1417 679 1460 Rhod.
697 1418 825 1472 2525,
846 1417 891 1471 b,
925 1415 1006 1460 108
1026 1423 1068 1458 et
1081 1417 1214 1459 Ther.
1232 1417 1357 1462 2448.
1374 1418 1432 1472 V,
1452 1419 1518 1461 13.

184 1485 437 1533 ἐξαπίνας
467 1492 509 1526 et
539 1486 794 1540 ἐξαίφνας
824 1485 955 1528 Pind.

187 1551 487 1601 ἐπιτάδειος
518 1553 698 1610 Corcyr.
732 1553 870 1606 1840,
903 1553 1013 1610 Byz.
1044 1552 1180 1606 2060,
1209 1553 1461 1596 Archimed.

184 1619 379 1675 ἑρατύω
413 1619 548 1677 Soph.
584 1620 695 1661 Oed.
731 1620 783 1662 C.
818 1621 913 1662 161.

183 1689 342 1736 ζᾶλος
370 1702 449 1745 pro
479 1690 601 1737 ζῆλος
630 1687 759 1729 Pind.
794 1687 866 1729 Ol.
889 1687 994 1742 VII,
1022 1688 1049 1731 6
1079 1688 1135 1730 cf.
1159 1687 1352 1744 Hesych.
1386 1689 1524 1741 ὁᾶλον,

73 1757 208 1805 ζῆλον.

184 1822 345 1874 ζαμία
374 1821 549 1863 Heracl.
582 1829 663 1864 etc.
696 1836 775 1880 pro
805 1823 927 1875 ζημία
957 1823 1013 1864 cf.
1047 1823 1143 1865 Lat.
1177 1823 1438 1865 damnum.

186 1889 362 1937 Ζανός
391 1905 470 1947 pro
503 1889 640 1940 Ζηνός
677 1889 723 1931 in
755 1889 872 1932 Cret.
903 1890 1013 1933 2555
1052 1898 1094 1933 et
1129 1891 1275 1933 multis
1316 1891 1523 1934 recentio-

73 1958 192 1999 ribus
234 1957 463 1999 Laconicis
495 1958 618 2000 1313.
653 1958 761 2000 1314
805 1957 935 2000 Ross.
979 1958 1194 2013 36—40,
1236 1959 1338 2001 item
1368 1959 1522 2018 Eurip.

73 2025 253 2084 Hippol.
287 2025 356 2067 62.
388 2025 442 2068 69
470 2032 579 2080 ete.,
611 2026 667 2067 ef.
700 2025 904 2067 Boeotice
934 2026 1029 2068 Λάν
1058 2027 1078 2068 I
1108 2026 1149 2079 ξ.
1186 2026 1256 2080 37,
1288 2028 1309 2069 1
1343 2034 1385 2068 et
1410 2028 1524 2070 Aeo-

74 2093 155 2134 liee
188 2093 273 2134 Ζάν
302 2093 347 2148 Ι,
380 2093 460 2147 13,
492 2094 544 2147 5,
587 2093 685 2135 Lat.
726 2092 899 2138 Janus
940 2101 982 2136 et
1024 2093 1199 2136 Diana
1236 2094 1323 2136 vid.
1357 2095 1523 2136 Pott.1

75 2176 118 2217 p.
149 2161 219 2202 99.
283 2160 426 2213 Quare
459 2165 544 2211 Ζην
562 2189 579 2194 -
600 2160 668 2210 ός,
722 2161 837 2219 quod
880 2177 1049 2220 semper
1078 2162 1191 2219 apud
1218 2162 1456 2204 Pindarum
1485 2170 1527 2204 et

77 2229 121 2269 in
152 2227 288 2269 titulis
318 2228 571 2285 quibusdam
602 2228 780 2270 minoris
812 2229 939 2284 fidei,
974 2237 1021 2272 ut
1052 2229 1170 2272 Cret.
1189 2229 1302 2273 2554
1330 2237 1372 2273 et
1395 2231 1523 2283 2563,

78 2295 286 2337 Doricum
320 2295 467 2336 haberi
496 2296 662 2354 nequit.

191 2362 366 2409 Ζάτας
393 2362 424 2403 i.
447 2378 485 2403 e.
520 2364 656 2415 Ζήτης
685 2362 849 2405 Boreae
879 2363 995 2405 filius
1025 2363 1179 2406 Marm.
1211 2365 1361 2418 Farn.⁷
1392 2379 1522 2421 quan-

23 2456 28 2460 ·
78 2446 206 2488 quam
237 2429 375 2479 Ζήτας
403 2428 532 2470 Pind.
564 2429 616 2470 P.
649 2430 730 2484 IV,
762 2432 857 2474 182.

189 2495 386 2546 ζατεύω
425 2511 503 2553 pro
543 2496 724 2548 ζητεύω,
769 2502 876 2548 ζητῶ
907 2499 1057 2542 ἈΙοηι.
1091 2500 1144 2542 13
1175 2499 1290 2553 (23),
1335 2499 1394 2540 cf.
1434 2498 1521 2540 He-

81 2566 201 2623 sych.
235 2564 374 2613 ζατές,
408 2565 516 2613 ζητεῖ
545 2564 648 2621 (leg.
682 2566 830 2615 ζητεῖς)
863 2574 905 2608 et
935 2568 1048 2607 ὃαῑεύ
1078 2568 1222 2617 ζητεῖν.

193 2632 440 2684 ζατρεῖον
476 2638 518 2672 et
557 2631 734 2683 ζατρεύω
772 2632 841 2675 Et.
874 2632 936 2675 M.
969 2635 1077 2688 408,
1111 2635 1163 2676 12
1201 2650 1278 2692 pro
1317 2635 1519 2689 ζητρεῖον,

84 2699 260 2755 ζητρεύω
289 2698 449 2741 Dorica
477 2714 571 2740 esse
600 2699 811 2741 videntur.

194 2768 428 2818 θαέομαι
457 2765 586 2809 Pind.
618 2783 696 2824 pro
726 2767 956 2810 Homerico
986 2770 1191 2823 θηεόμαι,
1237 2768 1382 2811 Attico
1421 2768 1517 2810 θεάἸ
