1779 3079
389 193 433 253 §.
461 195 539 244 49.
611 196 685 243 De
723 193 967 242 severiore
995 192 1191 242 Doride.
1416 196 1511 244 417

73 345 200 372 usum
235 343 286 371 eo
324 335 517 387 tempore
557 336 603 370 ut
636 343 780 370 rarum
809 327 867 368 ita
897 343 1056 369 novum
1086 328 1222 370 fuisse
1252 327 1513 386 colligimus.

70 397 180 440 Post
195 395 530 454 Aristophanem
558 400 752 454 poctam,
785 394 862 437 scd
891 402 989 437 ante
1012 396 1347 454 Aristophanem
1378 413 1515 454 gram-

70 464 272 506 maticum
304 481 352 506 ου
381 480 460 522 pro
489 481 512 505 υ
544 463 677 505 scribi
707 469 904 520 coeptum
934 478 1030 504 esse
1058 463 1344 505 indicavimus
1376 462 1415 519 ξ.
1449 464 1515 507 18.

69 532 297 575 Postremo
325 537 352 586 β
380 548 458 590 pro
489 531 697 588 digamma
726 530 942 588 positum,
984 530 1101 586 quod
1130 531 1312 574 Italiotis
1343 539 1385 574 et
1416 531 1518 574 Cre-

70 600 268 642 tensibus
307 614 532 642 commune
571 606 658 652 cst,
703 606 866 640 tantum
899 597 1022 639 abest
1060 605 1106 639 ut
1137 599 1190 640 ad
1218 599 1520 658 antiquissima

70 675 265 726 tempora
294 667 447 711 referri
474 666 641 724 possit,
673 673 720 707 ut
749 674 848 723 post
876 671 1066 707 nostram
1096 665 1267 708 demum
1298 683 1438 709 acram
1468 683 1521 709 cx

69 735 235 778 inculta
263 735 448 777 rusticae
477 733 619 791 plebis
649 732 998 791 pronuntiatione
1024 741 1240 791 arreptum
1267 750 1360 776 0550
1377 735 1522 778 videa-

70 811 165 858 tur,
196 803 285 846 vid.
316 803 358 856 ξ.
380 803 433 856 9,
466 802 507 844 5.
539 829 593 835 —-
636 801 885 859 Intelligis,
916 801 1178 843 Laconicam
1208 802 1405 859 lingnam
1435 819 1522 844 ma-

69 870 138 926 gis
176 870 403 927 magisque
444 870 714 928 depravatam
757 885 880 922 csse,
928 876 975 910 ut
1012 868 1059 909 fit
1097 868 1143 910 in
1181 870 1341 927 populo
1381 869 1522 912 literis

68 954 221 996 parum
260 938 430 993 dedito,
476 938 589 980 nihil
627 937 742 980 enim
781 937 977 994 linguam
1015 935 1152 994 magis
1193 936 1360 979 stabilit
1397 944 1522 994 atquc

68 1005 210 1048 firmat
239 1022 368 1064 quam
397 1006 617 1049 literarum
660 1005 849 1047 studium
889 1019 967 1063 per
1005 1019 1154 1046 omnes
1192 1004 1346 1063 populi
1379 1011 1523 1062 partes

67 1073 227 1116 fusum.

186 1204 415 1259 Quomodo
445 1203 653 1264 explicari
681 1203 845 1264 possit,
896 1202 1013 1262 quod
1042 1204 1089 1246 in
1120 1202 1259 1247 titulis
1291 1203 1524 1248 Laconicis

68 1280 167 1329 post
196 1288 356 1314 annum
388 1273 732 1316 ducentesimum
762 1289 801 1315 a.
837 1272 940 1315 Chr.
982 1272 1155 1330 scriptis
1184 1272 1301 1315 01111ιί
1330 1272 1524 1331 proprie·

23 1346 25 1359 ²
68 1347 154 1382 tate
184 1339 402 1383 Laconica
431 1341 600 1397 abjecta
629 1341 776 1383 mitior
804 1340 937 1383 Doris
968 1349 1146 1397 regnat,
1194 1356 1322 1397 supra
1362 1340 1524 1382 indica-

69 1407 211 1449 vimus
251 1408 293 1461 §.
325 1409 405 1459 48,
438 1410 480 1452 2.
556 1409 621 1451 Ea
662 1416 797 1451 aetate
827 1407 1044 1467 propriam
1074 1409 1299 1450 Laconum
1328 1408 1526 1467 lingnam

69 1491 158 1517 non
189 1476 420 1518 extinctam
451 1477 614 1531 fuisse,
657 1477 1005 1520 luculentissime
1037 1475 1138 1517 inde
1168 1483 1368 1535 apparet,
1410 1475 1526 1534 quod

68 1541 115 1583 in
147 1543 287 1586 titulis
320 1545 487 1587 duobus
520 1547 655 1587 ferme
688 1545 874 1587 saeculis
904 1552 1003 1602 post
1028 1552 1217 1586 nostram
1248 1559 1389 1586 acram
1423 1544 1526 1586 scri-

67 1610 154 1666 ptis
182 1611 428 1655 Laconicae
467 1613 745 1671 proprietatis
785 1615 851 1666 (ut
886 1630 909 1653 σ
937 1629 1016 1671 pro
1047 1618 1104 1662 θ,
1158 1629 1182 1653 σ
1212 1612 1327 1653 inter
1355 1613 1526 1654 vocales

69 1678 280 1732 ejectum,
311 1686 338 1734 ῥ’
368 1697 446 1738 pro
479 1681 712 1739 digamma)
743 1681 953 1739 reliquiae
985 1681 1219 1738 quaedam,
1261 1679 1307 1720 in
1335 1679 1527 1737 propriis

70 1747 348 1801 potissimum
386 1749 667 1804 nominibus,
718 1756 977 1807 supersunt5
1021 1755 1242 1805 practerea
1283 1745 1526 1804 grammati-

71 1827 220 1853 corum
252 1813 304 1855 dc
334 1815 553 1858 Laconica
592 1817 777 1859 dialecto
805 1823 1036 1875 praecepta
1066 1823 1109 1857 ct
1139 1815 1310 1874 glossae
1340 1813 1527 1856 Laconi-

71 1895 146 1921 cac
176 1880 406 1924 maximam
435 1891 600 1942 partem
639 1885 692 1926 ad
720 1884 1006 1927 recentiorem
1035 1883 1158 1926 illam
1188 1889 1366 1924 aetatem
1395 1882 1528 1940 perti-

69 1963 174 1990 nere
212 1948 430 1991 videntur.
505 1951 661 2010 Neque
690 1953 803 2010 apud
833 1951 1064 1994 Cretenses
1096 1959 1138 1993 et
1166 1950 1415 2008 Cyrenaeos
1455 1948 1528 2001 (dc

72 2015 257 2058 Italiotis
293 2032 446 2075 parum
487 2018 676 2075 constat)
723 2028 821 2063 autc
862 2020 1083 2062 sacculum
1111 2026 1211 2078 post
1239 2025 1429 2060 nostram
1460 2032 1528 2058 ac-

68 2099 160 2125 ram
197 2091 392 2127 exactum
423 2087 655 2131 severioris
685 2089 865 2131 Doridis
895 2087 1163 2146 proprietas,
1207 2094 1255 2128 ut
1284 2084 1530 2128 terminatio

70 2168 101 2191 ω
132 2150 179 2192 iu
208 2151 401 2207 genitivo
432 2155 735 2199 declinationis
768 2156 1008 2211 secundae,
1042 2154 1272 2198 obsolevit.
1305 2179 1360 2185 -—
1404 2152 1530 2194 Cete-

68 2234 164 2260 rum
202 2218 366 2262 ibidem
411 2221 601 2266 diximus
642 2225 830 2268 dubitari
873 2239 1029 2283 posse,
1090 2240 1145 2266 an
1187 2222 1336 2265 mitior
1376 2219 1528 2270 Doris,

72 2299 182 2340 quae
212 2295 278 2329 est
318 2288 365 2329 in
395 2291 712 2335 recentioribus
754 2293 896 2335 titulis
925 2291 1217 2343 Messenicis,
1261 2303 1349 2329 non
1388 2284 1529 2342 magis

73 2352 306 2410 genuinam
333 2355 654 2400 Messeniorum
684 2360 916 2406 dialectum
945 2360 1115 2401 referat.

187 2487 231 2539 3)
289 2487 409 2531 Inter
460 2490 698 2535 Dorienses
749 2492 1017 2536 Italiotas
1062 2485 1356 2548 potentisslml
1409 2493 1530 2527 erant

74 2553 330 2610 Tarentini,
393 2557 702 2615 Spaltanoium
741 2561 913 2612 coloni,
974 2558 1049 2616 qui
1088 2572 1174 2599 una
1212 2571 1310 2597 ⁰¹¹¹ss
1348 2553 1529 2595 T¹¹¹¹¹¹¹¹S

72 2621 370 2666 Heracleam·
357 2642 405 2666 111
437 2626 619 2669 Siiitide
649 2628 962 2681 condiderunt,
1013 2623 1280 2667 Tarentinos
1311 2630 1454 2664 tamen
1485 2638 1532 2663 ¹¹¹

77 2690 246 2733 colonia
275 2694 566 2750 praevaluisse
598 2702 640 2738 et
670 2696 843 2739 aliunde
875 2700 1045 2738 constat
1084 2701 1125 2735 ct
1161 2710 1184 2734 e
1221 2691 1373 2748 lingua
1402 2705 1528 2748 appa⁷

136 2770 194 2811 ΙΙ.
1206 2777 1262 2815 ⁶27
