1779 3079
233 164 332 212 406
581 162 623 223 §.
653 162 734 212 48.
801 163 876 210 De
910 161 1108 210 mitiore
1145 159 1340 212 Doride.

233 299 506 340 Achaeorum
535 297 714 355 ling-ua,
760 313 848 340 non
885 298 1132 340 dubitamus
1172 305 1314 342 tamen
1347 298 1452 356 quin
1493 298 1688 357 vulgaris

233 366 366 407 Doris
400 367 642 408 communis
674 365 852 408 concilii
880 365 1063 408 Achaici
1094 366 1247 425 lingua
1276 366 1410 409 fuerit
1438 374 1479 409 et
1507 366 1609 409 hinc
1639 366 1687 408 in

232 434 466 476 Arcadiam
509 440 550 474 et
592 434 852 477 Laconicam
893 442 1127 492 propagata
1172 435 1243 476 sit.
1326 433 1688 493 Megalopolitani

233 503 347 544 enim
380 509 543 544 mature
571 502 761 544 Achaeis
790 502 926 544 additi
957 510 1089 557 sunt,
1123 502 1339 560 Tegeatae
1368 510 1468 561 post
1496 518 1688 561 pugnam

233 569 540 612 Sellasiensem
569 586 607 612 a.
640 571 747 625 222,
779 570 1198 613 Eleutherolacones
1229 587 1266 612 a.
1301 572 1406 625 194,
1440 570 1527 629 ipsi
1559 570 1688 628 Spar·
1736 598 1737 601 =

230 638 322 680 tani
353 638 398 679 in
430 638 558 680 breve
584 646 771 696 tempus.
842 638 939 680 Jam
979 639 1193 696 intelligis
1225 640 1403 681 candem
1436 638 1688 697 explicatio·

231 722 329 748 nem
359 707 410 747 ad
429 706 772 756 Messeniorum,
807 706 884 764 qui
915 722 1002 748 non
1032 707 1176 749 minus
1206 723 1284 765 per
1313 706 1490 764 aliquod
1515 715 1687 765 tempus

230 774 414 816 Achaici
445 774 634 816 foederis
665 782 813 826 erant,
853 774 1163 832 inscriptiones
1194 774 1391 817 adhiberi
1422 790 1567 833 posse.
1629 773 1690 816 Et

230 851 357 885 crunt
388 844 596 896 fortasse,
631 842 706 899 qui
738 842 789 883 dc
810 841 1194 884 Hermionensium
1230 841 1413 884 dialecto
1445 858 1532 884 non
1564 842 1690 884 aliter

223 910 510 966 judicandum
541 925 637 951 csse
668 917 897 962 censeant,
945 925 1192 968 quanquam
1222 910 1300 950 hos
1331 918 1456 952 antea
1485 910 1570 951 alia
1598 911 1688 952 dia-

228 979 341 1020 lecto
375 994 477 1019 usos
508 993 605 1019 csse
634 993 722 1020 non
755 983 938 1019 constat.
1016 976 1191 1019 Deinde
1222 977 1473 1020 dubitamus
1512 993 1566 1019 an
1595 978 1689 1020 vul-

231 1045 346 1102 garis
373 1045 556 1087 Doridis
585 1044 791 1102 publicus
824 1045 902 1087 ille
931 1060 1037 1086 usus
1069 1044 1195 1086 etiam
1225 1045 1278 1087 ad
1308 1045 1553 1103 antiquiora
1581 1053 1688 1089 tem-

228 1129 332 1171 pora
362 1113 517 1155 referri
546 1113 701 1171 possit.
765 1113 863 1167 Qua
894 1112 1111 1154 communi
1141 1112 1325 1155 dialecto
1356 1115 1591 1157 concilium
1607 1114 1688 1156 Pc-

227 1181 611 1238 loponnesiacum,
645 1182 716 1222 cui
739 1180 939 1240 Spartani
969 1180 1299 1238 praesidebant,
1332 1198 1459 1223 nsum
1490 1198 1586 1224 csse
1610 1198 1688 1239 pu-

228 1250 402 1292 temus‘?
443 1258 587 1291 utrum
620 1249 866 1304 Laconica,
899 1265 952 1291 an
984 1265 1032 1290 ea
1063 1265 1173 1307 quae
1204 1249 1430 1307 plerisque
1460 1249 1688 1292 familiaris

228 1325 341 1372 crat,
386 1318 557 1375 vulgari
588 1317 786 1360 Doride?
860 1318 986 1359 Hanc
1027 1317 1080 1358 ab
1110 1317 1292 1374 Argivis
1331 1318 1564 1375 peculiaris
1596 1317 1689 1360 dia-

227 1385 330 1427 lecti
360 1385 458 1428 loeo
500 1393 752 1443 usurpatum
799 1400 895 1429 esse
937 1385 983 1426 in
1023 1385 1198 1428 foedere
1239 1385 1352 1443 apud
1382 1386 1687 1443 Thucydidem

228 1453 296 1508 V,
337 1454 424 1506 79,
476 1470 722 1511 quanquam
765 1453 922 1510 Argivi
967 1454 1332 1511 Peloponnesiaci
1377 1454 1554 1496 concilii
1599 1469 1689 1496 non

226 1521 461 1579 participes
502 1530 647 1572 erant,
694 1522 808 1563 haud
839 1521 985 1579 inepte
1017 1521 1232 1579 suspicari
1262 1521 1391 1575 licet,
1437 1530 1484 1563 ut
1513 1521 1687 1580 Thucy-

227 1589 352 1632 dides
383 1606 406 1631 a
436 1590 732 1648 negligentiae
763 1589 972 1644 crimine,
1013 1590 1127 1647 quod
1159 1597 1336 1647 propter
1363 1589 1558 1647 Argivae
1589 1606 1687 1648 pro-

226 1657 422 1714 prietatis
462 1658 698 1700 absentiam
742 1674 872 1715 supra
913 1654 953 1714 ξ.
991 1659 1069 1711 14,
1113 1658 1133 1699 1
1177 1658 1221 1699 in
1260 1674 1358 1700 eum
1399 1657 1685 1713 conjecimus,

225 1725 496 1780 vindicetur,
530 1727 587 1767 cf.
621 1726 662 1779 ξ.
695 1727 749 1779 2,
784 1727 861 1778 14,
901 1726 978 1767 ubi
1012 1742 1098 1768 non
1132 1726 1236 1768 satis
1266 1733 1463 1767 accurate
1494 1726 1687 1768 foederis

226 1792 461 1835 dialectum
491 1794 701 1853 Argivam
737 1794 943 1836 diximus.

339 1862 551 1904 Sicilia
596 1862 775 1904 colonos
821 1861 1062 1904 Dorienses
1109 1877 1132 1902 a
1179 1860 1422 1912 Corintho,
1476 1860 1685 1918 Megaris,

225 1927 379 1969 Rhodo
409 1931 598 1986 accepit,
644 1929 902 1982 Cretenses,
949 1929 1023 1986 qni
1056 1944 1151 1969 cum
1185 1928 1370 1969 Rhodiis
1404 1928 1553 1970 Gelam
1585 1944 1687 1970 con-

225 1995 454 2049 diderunt,
486 1997 715 2054 pauciores
738 1997 874 2038 fnisse
896 1997 1124 2046 videntur,
1158 2011 1286 2051 qnam
1316 1995 1390 2053 qni
1423 1998 1466 2036 in
1488 1996 1685 2038 coloniae

224 2063 410 2106 dialecto
451 2063 752 2106 constituenda
794 2064 988 2105 valerent
1026 2063 1082 2104 cs.
1127 2062 1256 2103 Miill.
1291 2062 1399 2104 Dor.
1443 2063 1464 2104 I
1507 2080 1549 2121 p.
1587 2064 1683 2114 lll,

224 2146 304 2173 nec
346 2132 484 2190 magis
529 2130 741 2173 Messenii
783 2131 979 2172 Zanclen
1024 2130 1356 2186 connnigrantes
1411 2131 1456 2172 in
1505 2147 1685 2173 censum

224 2198 420 2241 veniunt.
511 2199 638 2241 Geloi
695 2215 929 2255 corumque
987 2198 1131 2240 coloni
1177 2198 1460 2255 Agrigentini
1504 2199 1684 2256 patriam

224 2267 498 2309 Rhodiorum
530 2267 759 2309 dialectum
795 2274 1047 2318 servarunt,
1098 2266 1149 2306 de
1193 2283 1276 2323 qna
1318 2267 1429 2308 infra
1471 2266 1681 2309 dicemus.

225 2336 265 2376 A
300 2335 541 2377 Corinthiis
573 2343 613 2377 et
643 2334 974 2390 Megarensibus
1017 2334 1209 2389 vulgaris
1240 2334 1375 2376 Doris
1406 2334 1452 2375 in
1484 2332 1683 2377 Siciliam

224 2404 351 2445 allata
391 2411 482 2451 est,
532 2419 642 2461 quae
684 2403 809 2445 etiam
849 2401 901 2442 ad
942 2401 1126 2458 populos
1171 2402 1342 2459 orig-ine
1377 2417 1464 2443 non
1494 2400 1683 2445 Doricos

224 2479 295 2513 aut
326 2471 432 2513 adeo
462 2487 547 2512 non
576 2472 765 2512 Graecos
797 2469 1118 2510 transmanavit.
1167 2469 1285 2509 llaec
1311 2468 1681 2525 Syracusanorum

224 2547 265 2580 et
295 2540 601 2596 plerorumque
623 2538 898 2590 Siculorum,
930 2545 1147 2593 praetcrea
1178 2536 1419 2578 Issensium
1448 2552 1469 2577 a
1499 2536 1681 2594 Syracu·

225 2607 342 2647 sanis
376 2607 657 2649 orinndornm
690 2606 898 2648 dialectns
939 2604 1082 2645 minus
1125 2620 1177 2646 ex
1216 2603 1580 2661 inscriptionibus
1611 2620 1681 2647 co-

226 2674 451 2730 gnoscitur
491 2691 616 2732 quam
659 2689 682 2715 c
719 2672 1002 2729 scriptoribus
1034 2672 1320 2729 Syracusanis
1362 2679 1403 2713 et
1433 2671 1681 2729 grammati-

225 2757 371 2783 corum
413 2741 691 2783 testimoniis.
767 2740 990 2782 Nonnulla
1031 2739 1267 2796 peculiaria
1309 2748 1382 2781 aut
1420 2755 1443 2781 a
1486 2739 1676 2797 vulgaris

1734 567 1741 590 «Α
1737 546 1740 550 Α
1729 306 1752 508 «Wyaeiuwe-
1724 0 1753 295 ἵωῐῂτῐφάκῆισώξζ

1760 2726 1766 2796 ἵ,

1763 2858 1767 2896 1

1764 2898 1767 2938 Ι
