1779 3079
216 189 281 239 82
687 190 762 236 De
797 188 1180 238 consonantibus,

219 326 425 380 ἇμπέσαι,
467 325 689 379 ἀμᾳιέσαι·
731 325 946 374 Λάκωνες.
1007 326 1056 368 ld
1086 326 1201 367 enim
1230 342 1310 385 pro
1341 326 1526 380 ἆμΓέσαι
1556 327 1660 377 (vid.

219 396 260 447 ξ.
294 394 345 448 5,
375 394 420 443 7)
462 393 697 445 ἀμφιΓέσαι
734 393 920 451 positum
963 400 1028 435 est
1056 394 1216 435 rariore
1246 410 1458 453 apocopes
1487 411 1663 452 genere,

219 462 272 502 de
304 477 389 519 quo
424 461 615 503 dicemus
654 461 695 514 ξ.
729 462 798 503 42.
888 461 1011 515 Quae
1050 469 1267 520 praeterea
1307 464 1390 504 huc
1428 469 1664 516 traxerunt,

218 537 290 570 aut
327 529 648 587 corruptissima
686 536 786 570 sunt
828 536 898 571 aut
938 528 1124 583 incerta,
1182 530 1235 570 ad
1274 545 1400 587 quam
1438 530 1666 572 dialectum

219 596 487 654 pertineant,
519 604 590 638 aut
619 596 772 637 dubiae
803 596 1131 653 significationis
1162 605 1204 639 et
1233 598 1414 654 originis
1445 604 1493 638 ut
1521 598 1666 640 adver-

218 664 288 706 hia
320 663 483 717 ἇμπετίξ
513 671 555 706 et
582 667 842 719 περιαμπετίξ
872 664 917 705 in
941 664 1057 706 Cret.
1082 666 1219 719 2554,
1250 681 1358 723 quae
1389 666 1481 722 ipse
1503 665 1666 707 Bocch-

216 731 314 773 hius
345 733 397 773 ab
428 732 533 785 ἀμφί
562 732 821 774 descendere
851 732 1093 785 existimat,
1124 733 1196 774 vix
1226 741 1356 775 recte.

328 816 350 839 κ
397 815 492 857 pro
535 817 559 854 χ
601 807 665 841 est
701 800 746 840 in
787 799 1047 840 δέκεσθαι
1091 816 1169 857 pro
1211 802 1404 855 δέχεσθαι
1441 802 1485 842 in
1522 801 1662 844 Tahb.

214 866 389 908 Heracl.
421 868 466 921 I,
500 868 554 909 57
583 875 625 908 et
654 882 780 923 saepe
811 866 924 923 apud
950 866 1186 908 Pindarum
1215 868 1302 910 vid.
1324 868 1514 910 Boeekh.
1542 869 1662 911 Nou.

216 934 342 975 Critt.
377 951 420 992 p.
454 933 561 988 426,
604 950 712 990 quae
743 933 875 991 stirps
905 934 1019 991 apud
1049 934 1175 976 Iones
1207 950 1381 993 quoquc
1412 944 1454 977 et
1483 936 1666 978 Lesbios

216 1009 386 1042 tenuem
424 1001 577 1055 habet,
624 1001 669 1042 in
707 1001 854 1043 multis
895 1001 1094 1043 derivatis
1125 1002 1249 1043 etiam
1281 1002 1410 1059 vulgo
1442 1012 1664 1046 servatam.

214 1069 418 1125 Aspirata
448 1075 587 1110 tamen
629 1069 791 1126 legitur
823 1069 868 1110 in
903 1069 1053 1111 Herm.
1089 1071 1196 1112 1193
1229 1071 1422 1125 ὸῖχεσθαι
1452 1078 1493 1112 et
1522 1070 1665 1113 Rhod.

213 1135 351 1189 2525,
382 1135 410 1176 h
453 1136 662 1191 ὑποδοχά,
724 1153 856 1195 quare
895 1153 981 1179 non
1021 1137 1113 1179 ausi
1143 1154 1290 1179 sumus
1321 1138 1433 1195 apud
1464 1138 1668 1195 Epichar-

212 1218 329 1244 mum
357 1204 411 1245 fr.
444 1204 472 1246 4
515 1204 725 1259 δεχόμεναι
755 1212 945 1254 mutare,
991 1221 1232 1263 quanquam
1264 1205 1572 1247 crediderimus
1602 1222 1666 1247 re.-

212 1271 426 1313 centiores
470 1271 640 1313 demum
687 1272 926 1315 Dorienses
973 1273 1200 1331 aspiratam
1241 1290 1263 1315 e
1308 1273 1475 1330 vulgari
1519 1274 1666 1331 lingua

212 1338 513 1397 assumpsisse.
545 1365 600 1371 —
646 1340 818 1383 Deinde
849 1342 933 1382 huc
962 1341 1150 1398 pertinet
1177 1341 1368 1398 Hesych.
1402 1340 1666 1394 βρυκετός

210 1405 356 1447 ταύτὸν
385 1409 439 1459 τῷ
466 1411 630 1462 βρυγμῷ
669 1411 738 1450 καὶ
767 1409 1085 1463 βρυκηθμός
1116 1409 1268 1461 ὁμοίως
1296 1410 1492 1461 Δωριεῖς.
1568 1408 1664 1450 Hoc

211 1489 292 1532 pro
321 1475 567 1530 βρυχηθμός
598 1492 620 1517 a
650 1477 842 1518 Doribus
874 1476 1034 1518 dictum
1064 1484 1167 1534 puto
1207 1483 1385 1535 propter
1414 1485 1664 1533 sequentem

210 1541 464 1599 aspiratam,
510 1543 620 1585 illud
648 1543 759 1586 male
789 1561 811 1586 a
841 1545 979 1600 βρύχω
1009 1544 1271 1598 derivatum,
1319 1561 1451 1602 quum
1484 1544 1664 1585 descen-

210 1609 282 1650 dat
309 1626 332 1651 a
362 1610 519 1663 βρύκω.
565 1637 617 1643 -
692 1612 920 1654 Praeterea
951 1611 1102 1653 κιτών
1133 1620 1175 1654 et
1205 1612 1370 1665 κύτρα
1402 1611 1562 1653 Siculis
1593 1611 1665 1653 ad·

209 1676 458 1719 scribuntur
478 1682 512 1731 2)
543 1686 585 1720 et
614 1678 775 1736 legitur
803 1680 910 1722 illud
933 1680 1090 1738 Sophr.
1111 1680 1193 1734 62,
1223 1681 1299 1722 sed
1329 1680 1441 1721 inter
1470 1679 1664 1737 exempla

209 1744 484 1786 muliebrium
521 1746 900 1802 soloecismorum,
960 1764 1068 1806 quos
1101 1747 1300 1805 Sophron
1344 1747 1539 1789 consulto
1570 1745 1663 1788 imi-

208 1818 319 1853 tatus
359 1820 424 1854 est
443 1811 495 1869 3).
568 1814 717 1872 Itaque
756 1815 881 1857 etiam
921 1815 1046 1869 κύτρα
1091 1815 1143 1856 ad
1173 1816 1367 1857 vitiosam
1396 1815 1536 1872 plebis
1566 1828 1662 1870 pro-

209 1879 521 1922 nuntiationem
560 1882 832 1923 referendum
873 1883 1043 1925 videtur
1079 1882 1209 1939 idque
1238 1897 1289 1923 eo
1331 1881 1493 1937 magis,
1545 1880 1659 1938 quod

210 1945 516 2003 Epicharmcae
564 1948 733 1989 fabulae
776 1950 925 1991 titulus
976 1957 1222 1991 constanter
1253 1947 1417 2002 λύτραι
1458 1948 1661 1990 scribitur

206 2028 286 2054 nec
324 2013 467 2056 minus
508 2015 663 2072 Epich.
706 2017 759 2058 17
798 2016 924 2070 χύτρα
970 2017 1170 2058 traditum
1211 2023 1276 2057 cst
1313 2022 1355 2056 et
1385 2015 1497 2073 apud
1526 2016 1660 2056 Athe-

207 2096 359 2122 naeum
392 2088 433 2123 et
463 2082 575 2139 apud
606 2083 915 2125 Herodianum.

253 2240 289 2277 2)
336 2240 369 2274 J.
396 2239 461 2274 Gr.
486 2242 572 2283 243,
599 2251 619 2275 a
654 2248 689 2276 et
716 2242 829 2286 Greg.
859 2243 897 2278 C.
927 2244 1004 2278 341.
1042 2241 1131 2280 ἰδίως
1164 2243 1199 2276 δὲ
1224 2242 1256 2276 οἱ
1279 2243 1418 2278 Σικελοὶ
1441 2242 1504 2288 τὴν
1525 2241 1660 2289 χύτραν

206 2295 334 2343 misnam
358 2299 414 2330 καὶ
437 2296 496 2332 τὸν
517 2301 646 2339 χιτῶνα
673 2303 806 2333 κιτῶιά.
835 2320 875 2325 —
927 2302 1019 2333 Ann-
1047 2302 1144 2333 Oxx.
1175 2301 1213 2342 I,
1240 2302 1329 2343 366,
1359 2303 1409 2336 M.
1442 2300 1558 2346 χύτρα
1581 2301 1658 2334 Δω-

204 2358 285 2400 ριεῖς
310 2354 447 2401 κύθρα,
478 2355 582 2397 χιτὼν
605 2357 733 2397 anniv,
771 2357 832 2391 ubi
869 2369 935 2401 pro
963 2358 1126 2392 Doribus
1154 2358 1261 2391 Iones
1295 2359 1500 2403 reponendi
1527 2358 1656 2393 viden-

205 2419 283 2454 tur,
309 2423 403 2455 quos
429 2412 480 2447 ita
504 2414 645 2449 locutos
671 2426 750 2449 esse
775 2423 925 2449 constat.

250 2471 286 2509 3)
335 2470 393 2506 Et.
421 2471 472 2504 M.
503 2474 586 2514 774,
611 2473 666 2506 45.
717 2471 863 2516 «invitm
894 2472 932 2505 τὸ
973 2471 1071 2518 παρά
1099 2473 1259 2519 Σώφρονι
1295 2472 1474 2519 ι’·γιώτερον
1500 2471 1658 2506 κολοκύν-

203 2538 282 2565 τας,
322 2530 393 2565 πῶς
426 2527 466 2562 οὗ
501 2530 586 2571 λέγει
616 2527 822 2574 {ydoneum
871 2531 988 2575 ῥητέον
1016 2524 1074 2563 0131·
1101 2529 1152 2564 ὅτι
1176 2531 1283 2565 ἑκοντὶ
1308 2529 1437 2575 ἥμαρτε
1465 2529 1505 2564 τὸ
1530 2530 1657 2563 ἄκακον

201 2586 262 2628 τῆς
286 2587 476 2626 γυναικείας
501 2586 673 2631 ἑρμηνείας
700 2586 947 2629 μιίιιησιίμινος·
996 2587 1033 2620 δι’
1063 2588 1195 2634 τρόπον
1227 2589 1402 2622 ἰσολοίκισε
1429 2585 1544 2620 κάκεῖ·
1591 2600 1654 2619 τα-

199 2642 332 2680 τωμίνα
368 2646 431 2676 τοῦ
470 2647 604 2682 κιτῶνος
639 2643 714 2677 ἀντὶ
750 2647 812 2676 τοῦ
852 2646 1080 2689 (supplemus
1114 2649 1255 2687 χιτῶνος
1295 2648 1364 2682 καὶ)
1404 2645 1545 2689 ἐνέχυρα
1581 2644 1655 2681 θείς

200 2698 294 2738 (MS.
324 2699 429 2733 Lcid.
462 2701 602 2747 ἕνέχιιρη
628 2703 683 2734 καὶ.
709 2703 797 2741 θείς)
835 2722 875 2726 -
913 2700 930 2735 ὁ
959 2701 1054 2740 τόκος
1081 2718 1129 2736 νιν
1161 2702 1377 2750 dhre-«gurim
1414 2701 1507 2743 (MS.
1535 2699 1652 2739 ‹Mun-

198 2755 328 2800 (nsixu),
366 2758 437 2792 vid.
465 2760 508 2792 Π.
537 2762 579 2794 62
598 2761 711 2794 —Gl
