1779 3079
380 201 420 259 §.
453 202 530 250 26.
603 204 676 250 De
711 221 755 248 εο
791 211 837 248 et
873 221 925 247 εω
961 199 1234 248 contractis.
1439 200 1538 248 217

205 337 252 391 b)
312 338 524 380 Futurum
562 340 642 381 hoe
678 337 981 380 contractionis
1011 338 1138 380 modo
1170 354 1255 380 nou
1287 338 1424 381 solum
1456 339 1538 380 uti-

92 412 163 447 tur
192 405 306 463 apud
335 406 535 460 eosdem,
568 406 641 464 qui
672 405 716 446 in
738 404 882 447 verbis
913 405 1142 447 contractis
1171 408 1211 447 ei
1241 414 1534 460 assueverunt,

95 472 170 514 sed
200 473 327 515 etiam
358 474 471 531 apud
502 489 602 527 eos,
649 473 725 531 qui
755 473 799 513 in
829 471 919 514 illis
950 472 1130 513 solutam
1164 473 1341 514 sormam
1371 474 1535 531 praese-

91 547 218 593 runt,
266 542 398 595 solis,
444 548 647 599 quantum
680 539 865 592 seimus,
906 539 1223 597 antiquioribus
1254 541 1436 599 Delphis
1467 557 1536 583 ex-

92 608 247 666 ceptis.
307 608 532 665 Leguntur
563 607 678 649 enim
708 607 754 649 in
779 607 912 649 Ther.
932 607 1044 650 2448
1074 608 1335 660 ἐμβαλοῦμες,
1370 611 1535 660 ἑξοῦιιτι,

94 676 343 726 daganum,
378 676 697 730 ἐγγραψοῦνται,
731 678 1109 730 συναχθησοῦνταις
1142 675 1187 716 in
1220 675 1396 733 Corcyr.
1430 677 1536 720 ‘1843

92 743 418 797 ἐκδανεισοῦντι,
463 746 766 798 χειριξοῦνταιε,
825 743 870 784 in
911 742 1101 784 Acharn.
1144 743 1227 784 744
1269 743 1535 796 ἀπολουμένα,

91 809 174 853 716
214 809 536 866 ἀγοοασοῦντες,
585 811 700 870 quod
731 810 986 853 Dindorssus
1017 826 1039 853 e
1069 810 1319 853 Ravennate
1360 811 1535 869 recepit,

91 878 188 920 714·
231 878 312 921 745
354 882 517 933 καουξιῖ
556 887 596 921 et
638 878 824 934 (inomni,
885 878 1038 920 deinde
1077 879 1123 920 in
1162 879 1371 922 Alaesino
1411 880 1537 922 titulo

90 949 356 999 ποιησοῦντι,
404 945 560 1004 Sophr.
597 947 649 989 19
690 949 902 997 νησοῐντι,
949 946 1107 1004 Epich.
1143 947 1223 990 ’167
1262 947 1535 1000 θωσούμεθα,

90 1013 288 1055 Archim.
324 1014 375 1055 de
406 1014 506 1056 Hel.
539 1031 582 1072 p.
603 1015 686 1057 ,219
717 1016 955 1063 ἑσσοῦνται,
989 1016 1164 1065 ἑξοῦντι,
1198 1015 1248 1057 de
1273 1015 1397 1058 Plan.
1420 1015 1536 1074 Aeq.

90 1096 135 1138 p.
167 1081 194 1122 7
225 1083 593 1136 ισοοροπησοῦντι,
638 1083 774 1124 Aren.
806 1099 850 1140 p.
883 1082 975 1124 320
1009 1086 1284 1138 πειρασυῦμαι
1325 1092 1405 1126 etc.
1465 1084 1538 1125 Ab

91 1148 326 1191 Heraclide
356 1150 468 1208 apud
496 1150 694 1192 Eustath.
728 1167 772 1209 p.
798 1151 921 1204 1557,
951 1150 1008 1193 40
1036 1158 1083 1192 ut
1113 1151 1272 1193 Dorica
1304 1154 1539 1195 aflet-untur

90 1220 352 1268 ποιησοῦντι,
387 1216 675 1270 ὁοθωσοῦντι,
706 1221 964 1273 γελασοῦντι,
996 1222 1234 1281 βοασοῦντι.

203 1287 243 1338 e)
292 1285 490 1327 Secunda
520 1302 704 1344 persona
735 1286 964 1343 subjeetivi
997 1287 1175 1329 eandem
1208 1287 1541 1330 contractionem

88 1351 250 1411 patitur
278 1353 434 1411 Epieh.
468 1354 548 1397 143
587 1353 791 1409 πορεύου,
841 1355 920 1398 ’149
962 1357 1145 1398 διανοοῦ.
1221 1355 1359 1398 Valde
1396 1363 1539 1398 tamen

90 1419 269 1462 dubium
300 1430 391 1475 est,
432 1438 485 1464 an
519 1439 566 1465 ea
596 1424 832 1481 fragmenta
862 1439 948 1466 non
980 1424 1066 1465 sint
1096 1423 1297 1481 genuina.
1369 1422 1419 1464 In
1449 1439 1538 1465 eer-

89 1487 199 1530 tiore
229 1489 424 1544 ejusdem
456 1491 698 1549 fragmento
726 1493 779 1534 fr.
811 1493 867 1536 20
907 1501 971 1535 est
1005 1493 1120 1548 ᾤχεο.
1171 1519 1226 1524 -
1285 1490 1540 1547 Conjuneti-

91 1571 172 1597 vus
202 1557 349 1598 aoristi
379 1558 542 1616 passivi
572 1560 889 1613 ἐγὸανεισθῶντι,
929 1570 994 1602 est
1022 1561 1067 1602 in
1098 1560 1274 1618 Corcyr.
1312 1560 1448 1613 1845,
1494 1559 1540 1600 in

90 1639 177 1680 quo
210 1623 382 1666 Siculos
414 1627 704 1669 contractione
734 1629 999 1671 abstinentes
1029 1629 1289 1671 videbimus.

204 1691 249 1744 d)
312 1692 540 1736 Genitivus
571 1695 872 1738 declinationis
915 1697 1064 1739 tertiae
1094 1697 1315 1739 nominum
1347 1695 1391 1736 in
1421 1711 1472 1745 ης
1501 1701 1542 1736 et

92 1775 138 1806 ος
177 1759 308 1816 vulgo
345 1760 453 1803 hane
492 1762 701 1806 rationem
744 1764 941 1822 sequitur
982 1764 1027 1806 in
1067 1765 1264 1806 Theraeo
1302 1780 1367 1804 nr.
1410 1763 1538 1816 2448,

89 1826 167 1867 uhi
195 1828 359 1880 γένους,
403 1830 690 1885 ‘Yn5951'6'0v37
741 1833 1044 1884 Πραξιτέλους,
1089 1832 1405 1881 Αἰσοσθένους,
1445 1835 1540 1871 Βω·

92 1894 341 1948 δοκράτους,
374 1899 584 1948 Σωτέλους
615 1902 810 1958 (excepto
842 1917 929 1942 uno
960 1900 1203 1956 ’Ῐσοκλεῦ,·).
1278 1898 1412 1956 Apud
1441 1898 1540 1940 reli-

89 1977 200 2020 quos
245 1979 419 2018 omneS,
468 1966 541 2024 qni
583 1975 771 2010 ceterum
813 1968 1118 2011 contractionis
1158 1969 1203 2009 in
1246 1985 1292 2009 ου
1329 1967 1541 2025 patientes

90 2037 212 2080 sunt,
244 2032 424 2087 genitivi
455 2033 498 2074 in
532 2051 603 2082 ους
632 2036 923 2093 suspectiores
955 2045 1081 2089 sunt,
1114 2053 1167 2078 ne
1196 2037 1266 2078 vel
1296 2036 1442 2077 infima
1474 2051 1540 2076 ae-

89 2104 175 2138 tate
206 2113 229 2139 e
258 2100 425 2156 vulgari
462 2101 610 2159 lingua
646 2103 904 2161 irrepserint
942 2105 1011 2146 vel
1044 2104 1382 2146 describentium
1414 2103 1540 2160 eulpa

91 2166 282 2222 corrupti
322 2167 423 2209 sint.
485 2169 610 2211 Talia
651 2171 856 2228 leguntur
892 2172 938 2213 in
977 2173 1224 2214 recentibus
1254 2172 1392 2214 titulis
1422 2172 1539 2212 Ana-

91 2234 241 2290 phaeis
281 2251 346 2275 nr.
388 2236 499 2279 2480
546 2240 853 2292 Τελεσιγὲνους,
905 2257 970 2281 nr.
1007 2242 1060 2282 12
1098 2240 1228 2282 Ross.
1269 2241 1540 2295 Κρινοτὲλους

92 2300 333 2359 (praeterea
364 2306 446 2353 ευς)
489 2304 534 2345 in
576 2307 913 2366 corruptissimis
945 2308 1130 2350 Locrieo
1172 2325 1237 2349 nr.
1272 2308 1378 2349 1751
1416 2306 1539 2359 Ἀρι-

94 2371 303 2422 0107'15'11012‘3
332 2378 373 2411 et
401 2368 561 2429 Delph.
596 2375 730 2428 1703,
777 2392 908 2433 quum
949 2376 994 2417 in
1032 2375 1172 2418 titulis
1215 2376 1311 2430 ejus
1343 2374 1537 2431 regionis

91 2437 148 2478 sit
177 2454 267 2488 εος,
311 2453 390 2479 nec
418 2439 563 2481 minus
591 2442 702 2499 apud
733 2459 881 2485 omnes
911 2444 1104 2502 reliquos
1133 2444 1345 2501 populos,
1388 2442 1463 2500 qui
1492 2442 1538 2483 in

91 2504 236 2546 verbis
277 2522 323 2546 ου
363 2506 666 2562 probaverunt.
712 2537 766 2542 —
825 2512 874 2552 ln
906 2511 1039 2553 Ther.
1084 2512 1196 2554 ,2448
1234 2511 1539 2553 convenienter

92 2573 216 2615 etiam
247 2573 464 2631 genitixus
496 2575 675 2632 pluralis
706 2581 902 2631 συῃενῶν
932 2588 1176 2622 contractus
1207 2588 1285 2621 est.

204 2643 244 2692 e)
305 2642 497 2683 Genitixi
545 2645 847 2700 pronominum
905 2647 963 2689 ita
1007 2648 1216 2689 contracti
1263 2663 1349 2710 non
1397 2648 1536 2690 solum

93 2725 168 2760 μου
203 2709 248 2750 in
280 2709 476 2752 Theraeo
507 2711 641 2764 2448,
683 2713 758 2754 sed
788 2714 914 2756 etiam
945 2716 1089 2767 aaa„
1128 2731 1263 2765 τεοις,
1304 2718 1395 2757 τεοῦ
1423 2715 1536 2773 apud

94 2780 238 2833 poetas
260 2775 431 2821 Siculos
453 2786 578 2832 suut,
612 2779 697 2821 vid.
721 2780 763 2834 ἓ.
781 2782 910 2835 3.‘2‚2.
944 2809 995 2814 —-
1030 2782 1279 2840 Composita
1298 2798 1394 2825 eum
1416 2783 1533 2837 θεός,
