1779 3079
77 171 117 229 §.
142 172 215 220 10.
253 173 326 219 De
342 171 476 220 aliar.
497 188 687 221 conson.
710 172 866 234 simpl.
891 182 937 220 et
951 172 1120 236 singul.
1141 182 1393 235 permutat.
1446 175 1511 224 85

75 316 181 350 testae
221 308 440 367 Stephano
478 309 587 367 Byz.
629 315 671 350 et
706 307 920 364 Dionysio
958 308 1003 349 in
1043 310 1194 352 scholl.
1237 311 1387 368 Apoll.
1421 312 1506 355 Rh.

73 376 121 430 Ι,
152 376 221 417 54.

183 445 228 495 8)
284 442 494 499 Liquidae
523 457 600 498 pro
632 440 759 481 mutiS
790 440 1063 498 reperiuntur
1093 443 1136 484 in
1167 444 1257 486 his:

183 516 203 551 λ
234 526 328 568 pro
360 512 384 548 ὃ
410 510 453 550 in
482 509 638 561 λάᾳνη,
684 507 840 561 δάφνη·
892 511 1093 562 Περγαῖοι
1123 511 1312 567 Hesych.
1382 512 1508 567 Ejus·

72 579 166 620 (lem
196 576 440 618 mutationIs
469 576 550 617 alia
579 576 800 632 exempla,
844 575 1052 617 incertum
1093 593 1145 618 an
1175 578 1333 619 Dorica
1355 610 1366 631 ,
1412 581 1508 622 affe-

71 653 170 686 runt
199 645 390 686 Eustath.
424 642 531 695 289,
564 643 642 696 38,
675 650 722 684 ut
752 642 995 693 Ὀλινσσεύς,
1027 652 1070 686 ct
1097 645 1200 685 lutt.
1231 645 1283 686 ad
1315 645 1505 702 Hcsych.

69 713 99 754 l.
131 713 162 753 l.
184 743 197 765 ‚
241 718 282 752 et
320 718 383 751 cst
413 710 455 750 in
488 709 633 765 lingua
662 710 843 765 Latina,
893 718 938 752 ut
976 711 1205 753 lacrima
1242 728 1321 769 pro
1362 713 1504 767 δάκρυ,

69 778 212 821 levir
250 793 327 835 pro
368 777 489 830 δαήρ.
532 803 584 807 —-
661 777 886 819 Contraria
926 779 1158 820 mutatione
1203 779 1508 836 Spartanorum

69 847 222 900 φιδίτια
251 861 273 886 a
308 846 424 896 φίλος
466 860 621 886 nomen
660 846 825 887 trahere
854 846 1045 903 potuisse
1075 846 1332 888 Plutarchus
1362 847 1507 904 opina-

67 921 137 955 tur
156 916 215 964 ⁷),
276 928 383 969 quac
423 912 680 969 etymologia
718 928 803 954 non
848 919 913 955 cst
951 914 1092 955 verior
1130 929 1256 971 quam
1293 914 1422 956 altera
1453 915 1506 956 ab

66 981 215 1023 eodem
245 980 462 1038 proposita
492 996 513 1021 a
542 982 754 1034 ᾳείδυμαις,
785 997 882 1021 nam
912 981 1027 1037 quod
1057 981 1168 1039 apud
1199 981 1374 1024 Suidam
1401 983 1505 1023 adeo

67 1050 217 1101 φιλίτια
249 1054 476 1101 vocantur,
522 1063 664 1088 merus
703 1063 822 1088 error
850 1048 1069 1090 habendus
1100 1056 1178 1090 cst.
1255 1049 1387 1091 Vocis
1416 1056 1503 1106 ety-

64 1132 163 1158 mon
193 1116 307 1157 latet.

173 1201 200 1235 μ
227 1198 325 1239 pro
354 1199 382 1222 π
411 1187 476 1223 est
504 1181 548 1222 in
578 1180 735 1237 glossis
767 1181 976 1239 Hesychii
1008 1182 1180 1233 ἅμακος,
1214 1183 1345 1232 ἅπαξ·
1388 1186 1505 1236 Κρῆ-

64 1267 127 1299 τες
156 1257 198 1292 et
219 1250 362 1302 ἅματις
393 1249 526 1306 (quod
556 1264 607 1289 ex
639 1249 788 1300 ἅμακις
825 1258 1071 1307 corruptum
1098 1249 1337 1303 existimo),
1371 1250 1498 1298 ἅπαξ·

71 1319 326 1374 Ταραντῖνοι.
401 1316 672 1369 Quibuscum
701 1316 737 1357 si
768 1332 987 1374 compares
1018 1317 1220 1359 Latinum
1251 1318 1418 1359 semel
1462 1325 1504 1358 et

61 1386 326 1444 reliquorum
366 1383 660 1426 adverbiorum
705 1384 988 1425 numeralium
1030 1385 1397 1437 terminationem,
1443 1401 1501 1424 ιε-

61 1453 231 1508 τράκις,
264 1452 399 1502 ἑξάκις
424 1459 534 1505 ctc.,
565 1467 651 1492 non
677 1451 917 1505 dubitabis,
949 1452 1053 1509 quin
1086 1453 1233 1504 άμακις
1260 1452 1328 1494 vel
1357 1452 1501 1509 potius

64 1521 213 1573 ἆμάκις
241 1520 296 1562 sit
325 1519 621 1576 antiquissima
649 1519 784 1559 forma
815 1535 838 1560 a
867 1519 1008 1561 radice
1039 1520 1092 1571 ἅμ
1131 1520 1243 1570 (Lat.
1277 1521 1398 1568 seni)
1430 1519 1499 1560 de-

62 1588 248 1631 rivanda.
325 1588 551 1629 Praeterea
581 1586 777 1628 Lacones
816 1585 860 1626 in
899 1587 1046 1644 paucis
1085 1605 1112 1639 μ
1141 1602 1218 1643 pro
1248 1605 1276 1626 π
1313 1602 1499 1643 pronun-

61 1657 188 1698 tiasse
226 1654 450 1707 videntur,
508 1653 545 1695 si
582 1653 708 1694 fidem
748 1653 903 1694 hahere
942 1653 1043 1695 licet
1079 1653 1287 1710 Hesycliii
1331 1653 1499 1708 glossae

63 1723 260 1776 δυλομάιν,
292 1720 555 1776 μαστροπόν·
587 1719 789 1768 Λάκωνες
819 1721 874 1761 cf.
900 1719 1077 1770 δόλοπα,
1110 1720 1391 1770 κατασκόπου,
1424 1738 1498 1772 μα-

63 1790 264 1846 στροπόν,
295 1797 337 1830 et
368 1787 596 1830 recentiori
626 1787 750 1829 titulo
781 1788 995 1830 Laconico
1024 1805 1090 1829 nr.
1113 1788 1247 1842 1464,
1278 1788 1352 1829 ubi
1379 1794 1499 1841 Πίερ-

62 1858 215 1912 σεᾳηένα
245 1857 451 1915 scriptum
483 1863 547 1897 est
575 1871 654 1913 pro
689 1854 964 1909 Περσεφόνα,
1008 1856 1123 1914 quod
1164 1855 1305 1914 ipsum
1335 1854 1498 1896 Boeck-

57 1927 155 1969 hius
185 1924 385 1968 restituit.

173 2012 200 2046 μ
229 2008 325 2050 pro
355 1996 409 2045 β,
441 2007 567 2049 quam
596 1990 872 2031 mutationem
904 1991 1125 2033 barbaram
1155 1990 1259 2032 dicit
1289 1989 1494 2047 Stephan.

60 2062 167 2118 Byz.
201 2076 236 2102 s.
269 2076 309 2102 v.
341 2058 560 2112 Ἀβαντίς,
593 2058 665 2099 alii
694 2057 916 2099 Aeolicam
948 2057 1049 2105 (vid.
1082 2058 1178 2100 L.I
1211 2054 1321 2114 §.ss,
1349 2058 1418 2110 6),
1452 2056 1496 2097 in

60 2127 217 2185 glossis
246 2126 467 2167 nonnullis
497 2124 723 2167 Laconicis
755 2125 963 2182 Hesychii
994 2126 1197 2183 scriptum
1230 2132 1319 2166 cst:
1370 2124 1496 2176 ἁμά-

62 2213 207 2248 κιον,
241 2194 369 2248 &fia-'g‘
399 2192 598 2241 Λάκωνες
628 2200 669 2234 ct
699 2192 958 2245 ἅμυσσος,
991 2196 1138 2242 κῆτος’
1169 2192 1369 2240 Λάκωνες
1396 2192 1425 2233 i.
1455 2209 1492 2233 c.

62 2263 269 2317 ἄβυσσος,
313 2260 386 2301 ubi
417 2262 592 2302 fortasse
624 2276 710 2301 non
741 2275 849 2316 opus
879 2267 943 2301 cst
984 2275 1080 2301 cum
1108 2259 1391 2302 Valclzcnario
1425 2262 1498 2299 κῦ-

59 2348 128 2378 τος
158 2329 398 2385 corrigere,
429 2327 527 2384 quia
557 2327 818 2383 grammatici
850 2330 973 2376 κῆτος
1003 2327 1129 2369 etiam
1158 2344 1237 2386 pro
1267 2331 1384 2375 κῦτος
1402 2342 1495 2368 esse

60 2402 289 2457 putarunt,
319 2395 405 2437 vid.
437 2394 597 2436 Buttm.
631 2394 769 2437 Lexil.
802 2394 844 2436 11
874 2410 918 2452 p.
937 2395 1004 2438 95.

107 2575 142 2615 7)
189 2573 378 2607 Plutarch.
407 2573 499 2617 Lyc.
540 2584 569 2605 c.
601 2574 640 2606 12
700 2572 745 2605 τὰ
770 2574 805 2606 δὲ
829 2576 979 2609 συσσίτια
1001 2578 1134 2623 Κρῆτες
1163 2579 1222 2617 μὲν
1242 2577 1385 2622 ἄνδρα,
1418 2578 1495 2609 Λα-

61 2630 262 2671 κεδαιμόνιοι
286 2631 320 2664 δὲ
345 2631 474 2669 φιδίτια
498 2628 823 2675 προςα)ὀρει’νοι’σιν,
861 2634 923 2666 εἴτε
958 2632 1000 2672 ὧς
1031 2635 1143 2674 φιλίας
1175 2635 1231 2667 καὶ
1255 2633 1496 2679 φιλοφροσύνης

61 2686 306 2732 4ι”τιναρχόντιιινιῃ
332 2687 408 2721 ἀντὶ
432 2690 495 2722 τοῦ
521 2686 540 2721 λ
563 2686 603 2722 τὸ
627 2689 647 2722 ὁ
670 2687 923 2734 λαμβάνοντες,
960 2692 1023 2725 εἴτε
1059 2690 1101 2729 ὥς
1132 2690 1219 2736 πρὸς
1249 2690 1418 2724 εὐτέλειαν
1439 2692 1497 2725 καὶ

62 2744 162 2785 φειδώ
186 2757 258 2779 συνε
264 2743 436 2783 θιζόντων.
