1779 3079
218 239 318 287 232
728 242 802 288 De
833 240 1162 289 declinatione.

222 378 516 432 centioribus,
561 383 608 419 ut
639 374 905 431 ἀναγορεύσει
934 375 1077 417 Rhod.
1109 375 1239 427 2525,
1262 375 1317 430 h,
1359 376 1604 430 παρευρέσει
1632 382 1675 417 et

221 447 335 489 πόλει
365 445 544 503 Corcyr.
578 444 712 499 1845,
743 445 984 498 παρευρέσει
1013 444 1148 485 Ther.
1180 444 1292 486 2448
1323 451 1404 485 cte.

304 513 556 557 Pluralis
587 512 978 555 Nominativus
1010 512 1120 569 apud
1153 511 1417 569 antiquiores
1434 510 1674 553 Dorienses

220 582 266 624 in
299 598 375 630 ιες
405 581 521 623 exit:
569 580 724 638 Epich.
759 579 783 621 5
812 580 1002 634 μάντιες,
1033 579 1088 622 30
1117 578 1337 633 πρήστιες,
1371 579 1558 636 Lysistr.
1591 580 1670 623 981

220 649 459 703 πρυτάνιες,
507 648 709 706 Thucyd.
753 647 812 701 V,
851 648 922 690 77.
965 648 1019 690 79
1062 647 1215 695 πόλιες.
1257 675 1311 680 -
1370 647 1674 689 Genitivus

219 718 352 776 vulgo
380 719 426 761 in
468 735 581 767 ιων,
630 724 678 758 ut
706 717 858 757 πολίων
887 715 1037 757 Herm.
1075 716 1206 769 1193,
1253 718 1482 769 πρυταυίων
1512 716 1671 773 Astyp.

217 787 344 829 2484.
376 785 517 840 2485,
561 785 797 826 ὑποθεσίων
825 783 1022 824 Areliim.
1054 784 1189 825 Aren.
1224 800 1266 841 p.
1301 784 1397 825 319.
1470 783 1598 837 Quod
1627 784 1672 825 in

219 854 338 896 Cret.
370 852 500 906 2556,
535 852 589 894 52
615 850 770 893 πόλεων
800 850 1009 908 scriptum
1041 858 1130 904 est,
1163 851 1381 892 miramur.
1415 878 1468 883 --
1526 851 1673 892 Dati-

216 936 315 963 vus
346 920 461 978 apud
490 919 758 976 antiquiores
789 918 834 958 in
867 934 1035 968 ιεσσι,
1082 926 1130 959 ut
1158 920 1347 959 πολίεσσι
1375 918 1577 975 Tlineyd.
1613 919 1672 974 V,

215 988 286 1031 77.
319 989 400 1043 79,
460 987 505 1028 in
543 986 681 1028 titulis
722 986 836 1027 infra
874 985 1117 1028 Alexandri
1156 993 1333 1027 aetatem
1377 993 1443 1027 est
1480 987 1673 1044 vulgaris

215 1057 380 1108 forma,
411 1062 459 1095 ut
480 1053 626 1096 πόλεσι
647 1054 798 1096 Herm.
824 1054 950 1107 1193,
985 1053 1103 1095 Cret.
1126 1052 1253 1102 2556,
1285 1053 1509 1108 πρυτάνεσι
1526 1053 1671 1096 Rhod.

214 1123 354 1176 2905,
387 1121 598 1177 ἐπιχύσεσι
627 1121 771 1164 Rhod.
804 1121 931 1176 2525,
958 1121 1001 1163 b.
1044 1147 1096 1152 —-
1137 1122 1510 1163 Accusativus
1540 1123 1673 1178 vulgo

192 1191 260 1232 :in
294 1208 399 1245 ιας,
446 1198 493 1231 ut
524 1191 698 1241 κρίσιας
723 1189 902 1247 Corcyr.
937 1189 1071 1244 1845,
1105 1188 1250 1237 πόλιας
1283 1189 1399 1232 Cret.
1433 1189 1570 1245 3053,
1604 1193 1674 1243 ἱμ-

215 1258 364 1311 μάνιιας
396 1258 516 1300 Cret.
549 1257 685 1308 2555,
720 1256 956 1307 ἅποδείξιας
985 1257 1181 1298 Archim.
1212 1257 1348 1298 Aren.
1382 1274 1426 1316 p.
1460 1259 1557 1302 320.

327 1327 479 1385 ltaque
510 1327 592 1369 hoe
622 1333 687 1368 est
715 1326 848 1382 hujus
879 1325 1183 1368 declinationis
1214 1326 1416 1366 schema:

395 1449 746 1508 Singularis.
1165 1449 1435 1491 Pluralis.

214 1529 342 1571 Nom.
383 1529 502 1578 πόλις
944 1532 1078 1579 πολίες

218 1598 327 1640 Gen.
382 1596 527 1646 πόλιος·
672 1608 674 1613 ’
941 1600 1094 1641 πολίων

215 1667 316 1709 Dat.
385 1671 506 1715 πολῖ,
538 1681 623 1707 rec.
657 1665 769 1707 πόλει
938 1668 1153 1716 πολίεσσι,
1189 1681 1273 1708 ree.
1307 1665 1450 1707 πόλεσι

216 1736 323 1777 Ace.
384 1734 502 1776 πόλιν
939 1737 1100 1783 πολίας.

212 1870 377 1920 Vides,
425 1869 590 1929 ubique
635 1889 649 1911 ι
692 1871 831 1913 teneri
874 1880 1171 1930 praeterquam
1219 1871 1264 1914 in
1310 1870 1442 1913 dativi
1487 1870 1670 1927 pluralis

213 1938 410 1980 breviore
456 1939 618 1991 forma,
671 1939 745 1980 ubi
785 1939 925 1981 πόλισι
969 1940 1257 1996 cacophoniae
1296 1954 1424 1980 eausa
1465 1938 1668 1979 evitatum

213 2013 294 2047 est.
357 2005 502 2059 Quare
541 2022 787 2064 quanquam
826 2023 873 2048 ea
903 2023 989 2048 non
1022 2007 1235 2064 reperitur
1265 2006 1309 2046 in
1341 2006 1534 2048 fontibus
1565 2005 1669 2047 Ale-

213 2073 377 2115 xandro
407 2072 756 2130 antiquioribus,
789 2090 874 2115 non
906 2074 1080 2115 videtur
1108 2081 1248 2116 tamen
1281 2090 1332 2115 ex
1361 2074 1507 2115 Attica
1538 2074 1669 2116 diale-

214 2148 282 2184 cto
313 2148 528 2198 assumpta
561 2156 680 2194 esse,
729 2141 828 2191 sed,
876 2141 913 2182 si
954 2141 1128 2200 quidem
1160 2141 1379 2198 antiquior
1408 2141 1541 2183 Doris
1571 2141 1668 2184 bre·

213 2210 333 2251 viore
363 2208 663 2250 terminatione
694 2225 772 2250 usa
807 2217 894 2259 est,
927 2225 1019 2250 cam
1054 2225 1140 2251 non
1172 2226 1233 2249 ισι
1263 2209 1464 2251 sonuisse
1492 2225 1668 2268 persua-

215 2294 310 2319 sum
332 2277 503 2318 habeto.
563 2275 632 2318 De
665 2293 699 2317 ει
727 2293 805 2335 pro
833 2278 852 2314 ἱ
883 2277 926 2318 ἰιι
959 2277 1100 2319 dativo
1131 2278 1344 2336 singulari
1376 2294 1398 2320 a
1429 2278 1667 2321 recentiore

214 2345 379 2388 Doride
411 2352 631 2402 assumpto
661 2344 748 2386 vid.
783 2347 822 2397 ξ.
856 2346 937 2398 22,
970 2346 1009 2387 3.

327 2412 578 2470 Sequuntur
622 2414 729 2454 lianc
779 2413 1110 2455 declinationem
1155 2413 1269 2455 haud
1314 2430 1448 2472 pauca
1493 2413 1666 2456 nomina

214 2481 414 2538 propria,
462 2496 571 2538 quac
610 2480 741 2536 vulgo
783 2483 806 2519 δ
833 2481 1126 2523 asciscerent:
1189 2483 1300 2524 Gen.
1338 2481 1504 2537 Πάριος
1534 2481 1662 2522 Pind.

213 2549 267 2589 P.
292 2548 375 2602 Vl,
399 2548 478 2602 33,
518 2549 661 2596 Θέτιος
692 2548 764 2589 Ol.
793 2548 876 2601 IX,
908 2550 960 2590 3⁴2
987 2557 1094 2603 ete,
1129 2549 1345 2604 Σοηήριος
1375 2551 1473 2591 scm.
1500 2548 1660 2606 Delph.

215 2617 349 2670 1705,
411 2615 644 2664 Ἰσοπὸλιος
690 2617 864 2673 Anapli.
909 2617 926 2658 1
973 2616 1028 2658 R.
1089 2617 1411 2669 Ἀριστοπόλιος
1457 2617 1660 2659 Taurom.

213 2684 325 2741 apud
357 2683 613 2725 Torremuz.
647 2683 782 2738 Vlll,
814 2685 864 2738 6,
905 2685 1172 2734 Λευκάσπιος
1202 2688 1267 2737 (ut
1298 2685 1556 2743 corrigimus
1586 2702 1665 2743 pro

214 2755 505 2803 ,Ιευκασπιᾳιῂ
547 2753 707 2809 Cyren.
741 2752 797 2805 6,
860 2751 960 2794 Dat.
994 2753 1184 2807 -‘l¹'1''s)0¹‘.¹⁴⁶
1224 2762 1264 2795 ct
1305 2752 1528 2807 Σχινούρι,
1578 2753 1664 2795 loci

215 2834 368 2860 nomen
418 2819 596 2877 Coi-cyr.
644 2821 776 2874 1840,
831 2820 1044 2874 Σαράπει,
1096 2822 1225 2868 Ἵσει,
1273 2820 1467 2873 ’Λιιοιῗβει
1505 2820 1658 2862 Ambr.
