1779 3079
0 2375 11 2449 π

348 205 389 265 §.
425 206 498 255 13.
572 207 645 253 De
684 204 1052 253 consonantibus
1087 205 1356 270 geminatis.
1480 206 1572 255 103

127 345 200 387 bet
237 343 446 386 Doricum
484 342 687 397 κάρῥων
726 340 757 381 i.
790 356 827 381 e.
871 341 1070 393 κρείσσων
1091 344 1152 393 5),
1210 340 1371 398 qnippe
1408 357 1431 382 e
1470 358 1574 392 καρ-

126 413 247 466 τίων,
303 410 500 463 κάρσσων
538 417 698 451 natum.
785 406 968 463 Legitur
996 407 1108 463 apud
1137 408 1390 450 Alemanem
1430 409 1483 450 fr.
1519 408 1573 451 54

127 480 247 531 (83),
290 477 444 535 Epich.
482 478 585 529 115,
628 476 784 532 Sophr.
820 474 896 527 15,
940 474 985 515 in
1015 473 1178 516 Dorico
1208 475 1392 518 frustulo
1421 476 1573 518 incerti

128 546 314 589 auctoris
344 546 412 587 Et.
445 544 507 586 Μ.
540 545 647 596 492,
679 543 732 584 38
765 542 866 589 (vid.
901 544 941 594 ξ.
975 542 1072 595 20),
1115 540 1159 582 in
1191 542 1316 583 dietis
1346 543 1572 585 Laconicis

129 613 349 656 Plutarch.
391 613 499 668 Lye.
547 626 586 652 c.
618 610 672 652 25
707 615 748 650 et
785 608 974 666 Lysand.
1017 625 1054 650 e.
1086 609 1141 651 26
1189 615 1314 666 atque
1362 611 1572 652 cantilena

126 680 339 723 Laconica
378 679 486 736 Lyc.
534 694 572 719 e.
604 678 686 730 21,
745 684 961 735 postremo
1000 677 1044 718 in
1083 677 1333 734 fragmentis
1373 678 1571 720 Pseudo-

127 746 425 805 Pythagorieis
458 746 675 802 Archytae
701 744 822 786 Stoh.
848 744 964 786 Flor.
982 743 1135 786 XLIII
1151 776 1163 798 ,
1196 745 1276 786 134
1299 751 1347 786 ,et
1365 744 1568 802 Append.

124 831 168 873 p.
201 815 270 857 47.
302 815 357 857 48
388 813 525 855 Gaisf.
549 844 562 867 ,
594 814 758 854 Aresae
788 812 882 855 Eel.
917 813 963 866 Ι,
995 813 1074 866 52,
1105 812 1160 854 23
1191 818 1273 855 ete.

240 884 298 923 ὃὸ
325 897 420 940 pro
451 885 496 930 ζ,
530 882 581 922 de
611 880 736 936 eujus
768 879 1014 922 mutationis
1045 879 1158 938 apud
1189 879 1384 920 Lacones
1416 895 1496 920 usu
1527 881 1570 922 in

123 948 164 1006 ἓ.
200 951 249 993 11
280 949 465 992 vidimus
485 981 498 1003 ,
543 949 644 990 item
675 964 697 990 e
730 950 778 988 σὸ
806 954 951 989 natum
981 947 1117 989 videri
1145 946 1189 988 in
1221 946 1275 989 L.
1308 947 1328 988 I
1369 947 1409 1000 ἕ.
1444 948 1514 1000 37,
1547 949 1569 989 4

122 1016 382 1060 monuimus.

234 1103 285 1125 ττ
323 1100 420 1142 pro
463 1100 542 1134 στ,
602 1090 648 1124 ut
676 1082 936 1124 Boeotorum
968 1081 1025 1123 ita
1056 1082 1277 1127 Laconum
1307 1088 1349 1123 et
1376 1081 1571 1123 Tarenti-

124 1167 276 1193 norum
306 1158 396 1193 erat
424 1151 469 1192 in
500 1150 749 1203 nonnullis,
794 1165 879 1206 quo
920 1149 1137 1206 pertinent
1167 1148 1426 1192 Laconicum
1456 1154 1571 1202 βετ-

982 1216 1032 1269 5,
1064 1217 1118 1269 4,
1166 1216 1346 1270 deinde,
1392 1218 1572 1259 sirecte

123 1220 207 1261 τόν
239 1219 328 1260 sive
357 1218 501 1271 βεστόν
530 1233 608 1276 pro
641 1215 757 1258 ἱστόν
786 1216 872 1258 vid.
906 1218 947 1269 §-

123 1287 423 1341 emendamus,
469 1288 631 1340 κίττορ,
681 1286 893 1331 ὁκίστος·
940 1284 1139 1332 Λάκωνες
1180 1284 1293 1335 (cod.
1327 1286 1504 1338 ultzeog),
1551 1286 1571 1326 ὁ

124 1353 276 1407 κιττός)
306 1354 496 1411 Hesyeh.
514 1385 526 1407 ,
557 1352 673 1410 quod
704 1352 893 1393 imitatur
922 1352 1053 1393 Deer.
1088 1351 1132 1392 in
1156 1352 1348 1393 Timoth.
1382 1352 1425 1393 in
1458 1351 1572 1393 ἐπάν

123 1438 202 1480 pro
245 1423 286 1470 ἐς
323 1421 412 1463 τάν.
498 1420 715 1462 Laconica
753 1427 971 1477 praeterea
1011 1419 1163 1477 procul
1202 1419 1332 1460 dubio
1363 1420 1570 1477 Ilesyehii

123 1490 267 1547 glossa
298 1488 481 1530 ἄττασι
515 1488 628 1539 (eod.
664 1487 880 1539 ἀττασιά),
914 1485 1143 1540 ἀνάστηθι,
1187 1487 1304 1544 quod
1330 1487 1375 1529 in
1405 1488 1567 1544 vulgari

122 1557 287 1599 Doride
319 1562 490 1597 sonaret
518 1556 719 1610 ἅνσταθι,
751 1555 865 1596 unde
894 1554 1079 1612 primum
1111 1554 1283 1609 ἅστασι,
1315 1555 1468 1596 deinde
1503 1555 1572 1595 liz-

123 1641 217 1665 τασι
257 1624 413 1665 factum
459 1631 537 1664 est.
623 1622 871 1664 Tarentinis
918 1622 1028 1662 hanc
1065 1621 1342 1663 mutationem
1384 1622 1572 1663 vindieat

125 1691 334 1748 Hesychii
364 1690 508 1747 glossa
528 1691 866 1745 ”Λφραττος,
912 1691 933 1738 ἦ
963 1688 1122 1738 ‘Eadm
1153 1687 1267 1740 παρὰ
1307 1691 1571 1741 Ταραντίνοις

124 1758 153 1799 i.
173 1775 211 1799 e.
247 1757 474 1810 ἄφραστος.
536 1757 760 1799 Postremo
779 1756 995 1798 Laconica
1024 1756 1167 1813 potius
1198 1755 1418 1796 habuerim
1443 1772 1570 1812 quam

124 1824 354 1874 Boeotiea,
416 1841 524 1882 quae
564 1825 745 1866 dialecto
785 1840 871 1865 non
910 1823 1125 1865 nominata
1160 1824 1272 1881 apud
1301 1823 1483 1864 cundem
1512 1823 1570 1864 Ie-

124 1900 313 1950 guntur:
374 1893 536 1942 ἔττιά,
583 1894 695 1933 ἑστία
730 1899 772 1933 et
811 1892 1035 1932 ἔττασαν
1075 1894 1140 1941 (ut
1179 1891 1346 1931 ἔττακαν
1385 1890 1569 1931 correxi-

125 1963 265 2013 mus),
297 1959 496 2010 ἔστησαιν,
528 1976 609 2002 nee
638 1959 781 2001 minus
803 1958 954 2011 ἦτθαι,
983 1960 1186 2013 καθίσαι,
1218 1958 1432 2016 quomodo
1455 1974 1570 2000 nune

122 2044 218 2069 eum
247 2027 532 2070 Valckenario
563 2043 640 2085 pro
671 2028 784 2068 ἴτθαι
813 2027 1028 2084 corrigere
1055 2026 1282 2068 malumus.
1331 2051 1382 2057 —
1443 2024 1572 2078 Quod

124 2095 168 2137 in
207 2095 331 2137 titulo
361 2095 525 2141 Issensi
556 2096 663 2139 1834
692 2094 936 2137 Boeekhius
975 2094 1254 2134 murana-nl&
1289 2092 1420 2134 scribi
1444 2092 1572 2147 jubet

126 2178 147 2203 a
177 2161 446 2210 πεντάκαττος
476 2178 554 2220 pro
585 2162 883 2215 πεικτιζκοστος,
914 2161 1087 2218 probari
1116 2160 1294 2218 nequit,
1325 2160 1411 2202 vid.
1434 2160 1475 2213 ξ.
1498 2161 1566 2201 34.

235 2246 285 2268 ττ
323 2245 418 2286 pro
459 2247 513 2269 ut
554 2237 619 2271 est
648 2230 693 2271 in
724 2229 897 2271 nomine
932 2229 1125 2271 Creticae
1156 2227 1274 2269 urhis
1303 2227 1462 2274 Λύττος
1492 2242 1570 2284 pro

124 2294 312 2345 Λύκτος,
352 2296 439 2337 vid.
473 2296 614 2338 Strab.
646 2298 689 2339 X
719 2314 762 2355 p.
795 2293 904 2351 729,
945 2296 1138 2339 Eustath.
1172 2312 1215 2353 p.
1249 2296 1355 2349 313,
1398 2294 1567 2352 Spitzn.

125 2363 177 2405 ad
207 2363 259 2405 Il.
292 2368 346 2418 β,
377 2363 475 2406 647.

125 2493 229 2528 Licet
257 2494 365 2528 etiam
392 2495 448 2527 καὶ
470 2495 535 2527 τάν
556 2496 757 2540 corrigere.
807 2498 980 2533 Fortasse
1012 2502 1123 2543 poeta
1148 2496 1194 2532 de
1218 2496 1380 2531 Thetide
1405 2493 1571 2537 loquitur

125 2559 161 2585 et
186 2551 233 2585 de
254 2552 422 2595 Achille,
449 2551 717 2597 quispercheo
743 2555 857 2589 fluvio
883 2555 1061 2601 capillum
1087 2554 1230 2596 alebat,
1256 2553 1330 2587 vid.
1359 2553 1405 2586 de
1429 2551 1571 2590 σκόλλι·ς

126 2608 221 2642 Poll.
251 2609 309 2651 11,
335 2612 379 2645 30
404 2617 440 2643 et
468 2610 526 2643 Et.
555 2611 606 2644 M.
635 2613 718 2653 120,
744 2613 800 2647 26.

171 2667 206 2709 5)
255 2667 425 2701 Memnon
454 2666 488 2700 in
515 2667 624 2701 Phot.
651 2668 749 2701 Bibl.
779 2680 813 2713 p.
840 2672 929 2711 716,
957 2670 1018 2704 ubi
1044 2668 1263 2704 Chamaeleo
1289 2667 1401 2702 utitur
1432 2667 1571 2701 Dorico

129 2724 328 2766 proverbio
347 2722 523 2769 ξΙ-Ιροικὶ.ἢς
549 2724 694 2771 κάρῤων,
721 2726 844 2761 addit:
872 2726 1002 2773 κσίριζιων
1026 2728 1061 2761 δὲ
1085 2725 1103 2761 ὁ
1127 2725 1342 2772 ἰσχυρότερος
1368 2725 1464 2771 παρὰ
1491 2726 1568 2758 Λω-

127 2792 259 2825 ξιίιὲυσιν.
