<?xml version="1.0" encoding="UTF-8"?>
<!DOCTYPE html PUBLIC "-//W3C//DTD XHTML 1.0 Transitional//EN"
    "http://www.w3.org/TR/xhtml1/DTD/xhtml1-transitional.dtd">
<html xmlns="http://www.w3.org/1999/xhtml" xml:lang="en" lang="en">
 <head>
  <title>
</title>
<meta http-equiv="Content-Type" content="text/html;charset=utf-8" />
  <meta name='ocr-system' content='tesseract 3.04.00' />
  <meta name='ocr-capabilities' content='ocr_page ocr_carea ocr_par ocr_line ocrx_word'/>
</head>
<body>
  <div class='ocr_page' id='page_1' title='image "./degraecaelinguae01ahreuoft_0394.png"; bbox 0 0 1779 3079; ppageno 0'>
   <div class='ocr_carea' id='block_1_1' title="bbox 191 174 1162 224">
    <p class='ocr_par' dir='ltr' id='par_1_1' title="bbox 191 174 1162 224">
     <span class='ocr_line' id='line_1_1' title="bbox 191 174 1162 224; baseline -0.003 0"><span class='ocrx_word' id='word_1_1' title='bbox 191 176 255 224; x_wconf 86' lang='grc'><strong>70</strong></span> <span class='ocrx_word' id='word_1_2' title='bbox 665 177 737 222; x_wconf 80' lang='lat' dir='ltr'><strong>De</strong></span> <span class='ocrx_word' id='word_1_3' title='bbox 780 174 1162 222; x_wconf 68' lang='lat' dir='ltr'><strong>consonantibus.</strong></span> 
     </span>
    </p>
   </div>
   <div class='ocr_carea' id='block_1_2' title="bbox 196 310 1658 2800">
    <p class='ocr_par' dir='ltr' id='par_1_2' title="bbox 196 310 1653 1314">
     <span class='ocr_line' id='line_1_2' title="bbox 196 310 1640 370; baseline -0.001 -15"><span class='ocrx_word' id='word_1_4' title='bbox 196 312 376 370; x_wconf 78' lang='lat' dir='ltr'><strong>vestigia</strong></span> <span class='ocrx_word' id='word_1_5' title='bbox 405 312 516 370; x_wconf 88' lang='lat' dir='ltr'><strong>apud</strong></span> <span class='ocrx_word' id='word_1_6' title='bbox 548 310 775 352; x_wconf 80' lang='lat' dir='ltr'><strong>Cretenses</strong></span> <span class='ocrx_word' id='word_1_7' title='bbox 803 311 991 369; x_wconf 86' lang='lat' dir='ltr'><strong>reperire</strong></span> <span class='ocrx_word' id='word_1_8' title='bbox 1023 310 1105 352; x_wconf 85' lang='lat' dir='ltr'><strong>sihi</strong></span> <span class='ocrx_word' id='word_1_9' title='bbox 1147 310 1229 352; x_wconf 87' lang='lat' dir='ltr'><strong>visi</strong></span> <span class='ocrx_word' id='word_1_10' title='bbox 1259 318 1373 352; x_wconf 80' lang='lat' dir='ltr'><strong>sunt.</strong></span> <span class='ocrx_word' id='word_1_11' title='bbox 1446 311 1640 354; x_wconf 86' lang='lat' dir='ltr'><strong>Primum</strong></span> 
     </span>
     <span class='ocr_line' id='line_1_3' title="bbox 199 378 1643 439; baseline 0 -16"><span class='ocrx_word' id='word_1_12' title='bbox 199 382 243 423; x_wconf 90' lang='lat' dir='ltr'><strong>in</strong></span> <span class='ocrx_word' id='word_1_13' title='bbox 275 381 597 439; x_wconf 83' lang='lat' dir='ltr'><strong>corruptissimo</strong></span> <span class='ocrx_word' id='word_1_14' title='bbox 627 378 752 420; x_wconf 88' lang='lat' dir='ltr'><strong>titulo</strong></span> <span class='ocrx_word' id='word_1_15' title='bbox 789 396 855 420; x_wconf 88' lang='lat' dir='ltr'><strong>nr.</strong></span> <span class='ocrx_word' id='word_1_16' title='bbox 889 380 1000 421; x_wconf 73' lang='lat'>2554</span> <span class='ocrx_word' id='word_1_17' title='bbox 1037 379 1066 420; x_wconf 89' lang='lat' dir='ltr'><strong>l.</strong></span> <span class='ocrx_word' id='word_1_18' title='bbox 1105 379 1181 421; x_wconf 86' lang='lat'><strong>185</strong></span> <span class='ocrx_word' id='word_1_19' title='bbox 1209 379 1494 421; x_wconf 80' lang='lat' dir='ltr'><strong>Valckenario</strong></span> <span class='ocrx_word' id='word_1_20' title='bbox 1522 397 1643 439; x_wconf 78' lang='lat' dir='ltr'><strong>prae-</strong></span> 
     </span>
     <span class='ocr_line' id='line_1_4' title="bbox 199 445 1643 507; baseline -0.002 -17"><span class='ocrx_word' id='word_1_21' title='bbox 199 456 325 490; x_wconf 89' lang='lat' dir='ltr'><strong>eunte</strong></span> <span class='ocrx_word' id='word_1_22' title='bbox 355 465 433 507; x_wconf 86' lang='lat' dir='ltr'><strong>pro</strong></span> <span class='ocrx_word' id='word_1_23' title='bbox 464 447 543 495; x_wconf 76' lang='grc' dir='ltr'><strong>τώς</strong></span> <span class='ocrx_word' id='word_1_24' title='bbox 576 446 776 495; x_wconf 78' lang='grc' dir='ltr'><em>ἀλλοσιως</em></span> <span class='ocrx_word' id='word_1_25' title='bbox 819 446 905 503; x_wconf 78' lang='lat' dir='ltr'><strong>legi</strong></span> <span class='ocrx_word' id='word_1_26' title='bbox 928 446 1086 501; x_wconf 88' lang='lat' dir='ltr'><strong>jubent</strong></span> <span class='ocrx_word' id='word_1_27' title='bbox 1115 445 1193 494; x_wconf 75' lang='grc' dir='ltr'><strong>τώς</strong></span> <span class='ocrx_word' id='word_1_28' title='bbox 1225 446 1352 494; x_wconf 78' lang='grc' dir='ltr'><em>ἄλλως</em></span> <span class='ocrx_word' id='word_1_29' title='bbox 1382 445 1504 498; x_wconf 77' lang='grc' dir='ltr'><strong><em>σιούς,</em></strong></span> <span class='ocrx_word' id='word_1_30' title='bbox 1551 449 1643 503; x_wconf 82' lang='lat' dir='ltr'><strong>uhi,</strong></span> 
     </span>
     <span class='ocr_line' id='line_1_5' title="bbox 200 514 1645 573; baseline 0 -17"><span class='ocrx_word' id='word_1_31' title='bbox 200 531 335 573; x_wconf 86' lang='lat' dir='ltr'><strong>quum</strong></span> <span class='ocrx_word' id='word_1_32' title='bbox 378 515 430 556; x_wconf 90' lang='lat' dir='ltr'><strong>dc</strong></span> <span class='ocrx_word' id='word_1_33' title='bbox 464 514 636 557; x_wconf 89' lang='lat' dir='ltr'><strong>Cretico</strong></span> <span class='ocrx_word' id='word_1_34' title='bbox 673 514 771 562; x_wconf 81' lang='grc' dir='ltr'><strong>θιός</strong></span> <span class='ocrx_word' id='word_1_35' title='bbox 809 521 997 563; x_wconf 90' lang='lat' dir='ltr'><strong>constet,</strong></span> <span class='ocrx_word' id='word_1_36' title='bbox 1060 514 1274 570; x_wconf 79' lang='lat' dir='ltr'>corrigere</span> <span class='ocrx_word' id='word_1_37' title='bbox 1312 514 1522 556; x_wconf 87' lang='lat' dir='ltr'><strong>malumus</strong></span> <span class='ocrx_word' id='word_1_38' title='bbox 1565 516 1645 565; x_wconf 76' lang='grc' dir='ltr'><strong>ταὶς</strong></span> 
     </span>
     <span class='ocr_line' id='line_1_6' title="bbox 203 581 1645 640; baseline 0.001 -16"><span class='ocrx_word' id='word_1_39' title='bbox 203 584 331 631; x_wconf 76' lang='grc' dir='ltr'><strong><em>ἄλλως</em></strong></span> <span class='ocrx_word' id='word_1_40' title='bbox 361 583 483 631; x_wconf 77' lang='grc' dir='ltr'><strong><em>θιώς.</em></strong></span> <span class='ocrx_word' id='word_1_41' title='bbox 551 582 723 624; x_wconf 83' lang='lat' dir='ltr'><strong>Deinde</strong></span> <span class='ocrx_word' id='word_1_42' title='bbox 754 583 836 623; x_wconf 83' lang='lat' dir='ltr'><strong>huc</strong></span> <span class='ocrx_word' id='word_1_43' title='bbox 866 588 1085 623; x_wconf 82' lang='lat' dir='ltr'><strong>traxerunt</strong></span> <span class='ocrx_word' id='word_1_44' title='bbox 1114 581 1431 638; x_wconf 71' lang='lat' dir='ltr'><strong>Hcsyehianam</strong></span> <span class='ocrx_word' id='word_1_45' title='bbox 1460 583 1645 640; x_wconf 80' lang='lat' dir='ltr'><strong>glossam</strong></span> 
     </span>
     <span class='ocr_line' id='line_1_7' title="bbox 204 650 1649 704; baseline 0.001 -13"><span class='ocrx_word' id='word_1_46' title='bbox 204 653 362 704; x_wconf 67' lang='grc' dir='ltr'><strong>σεΐναι,</strong></span> <span class='ocrx_word' id='word_1_47' title='bbox 403 653 562 692; x_wconf 72' lang='grc' dir='ltr'><strong>θεῖναι·</strong></span> <span class='ocrx_word' id='word_1_48' title='bbox 611 653 788 704; x_wconf 69' lang='grc' dir='ltr'><strong>Κρῆτες.</strong></span> <span class='ocrx_word' id='word_1_49' title='bbox 867 651 929 691; x_wconf 86' lang='lat' dir='ltr'><strong>At</strong></span> <span class='ocrx_word' id='word_1_50' title='bbox 961 650 1109 692; x_wconf 84' lang='lat' dir='ltr'><strong>Cretes</strong></span> <span class='ocrx_word' id='word_1_51' title='bbox 1149 656 1265 691; x_wconf 86' lang='lat' dir='ltr'><strong>certe</strong></span> <span class='ocrx_word' id='word_1_52' title='bbox 1295 652 1409 702; x_wconf 70' lang='grc' dir='ltr'><em>σε’μεν</em></span> <span class='ocrx_word' id='word_1_53' title='bbox 1438 650 1649 693; x_wconf 80' lang='lat' dir='ltr'><strong>dixissent</strong></span> 
     </span>
     <span class='ocr_line' id='line_1_8' title="bbox 199 717 1649 774; baseline 0.001 -14"><span class='ocrx_word' id='word_1_54' title='bbox 199 719 229 760; x_wconf 87' lang='lat' dir='ltr'><strong>i.</strong></span> <span class='ocrx_word' id='word_1_55' title='bbox 263 734 302 760; x_wconf 90' lang='lat' dir='ltr'><strong>e.</strong></span> <span class='ocrx_word' id='word_1_56' title='bbox 335 720 484 772; x_wconf 71' lang='grc' dir='ltr'><em>θέμεν,</em></span> <span class='ocrx_word' id='word_1_57' title='bbox 514 718 599 759; x_wconf 86' lang='lat' dir='ltr'><strong>vid.</strong></span> <span class='ocrx_word' id='word_1_58' title='bbox 633 719 674 770; x_wconf 62' lang='grc' dir='ltr'><strong>ξ.</strong></span> <span class='ocrx_word' id='word_1_59' title='bbox 703 719 771 760; x_wconf 84' lang='grc'><strong>38.</strong></span> <span class='ocrx_word' id='word_1_60' title='bbox 831 717 1058 760; x_wconf 86' lang='lat' dir='ltr'><strong>Praeterea</strong></span> <span class='ocrx_word' id='word_1_61' title='bbox 1088 724 1129 758; x_wconf 88' lang='lat' dir='ltr'><strong>et</strong></span> <span class='ocrx_word' id='word_1_62' title='bbox 1158 718 1261 759; x_wconf 85' lang='lat' dir='ltr'><strong>haec</strong></span> <span class='ocrx_word' id='word_1_63' title='bbox 1293 718 1435 774; x_wconf 77' lang='lat' dir='ltr'><strong>glossa</strong></span> <span class='ocrx_word' id='word_1_64' title='bbox 1466 726 1507 760; x_wconf 89' lang='lat' dir='ltr'><strong>et</strong></span> <span class='ocrx_word' id='word_1_65' title='bbox 1534 726 1649 761; x_wconf 88' lang='lat' dir='ltr'><strong>ante-</strong></span> 
     </span>
     <span class='ocr_line' id='line_1_9' title="bbox 197 785 1650 844; baseline -0.006 -16"><span class='ocrx_word' id='word_1_66' title='bbox 197 786 379 839; x_wconf 77' lang='lat' dir='ltr'><strong>cedens,</strong></span> <span class='ocrx_word' id='word_1_67' title='bbox 411 786 504 844; x_wconf 89' lang='lat' dir='ltr'><strong>ipsa</strong></span> <span class='ocrx_word' id='word_1_68' title='bbox 531 786 769 844; x_wconf 84' lang='lat' dir='ltr'><strong>paullulum</strong></span> <span class='ocrx_word' id='word_1_69' title='bbox 790 792 1010 842; x_wconf 75' lang='lat' dir='ltr'><strong>suspecta,</strong></span> <span class='ocrx_word' id='word_1_70' title='bbox 1046 786 1148 839; x_wconf 72' lang='grc' dir='ltr'><em>σεῒν,</em></span> <span class='ocrx_word' id='word_1_71' title='bbox 1180 787 1291 826; x_wconf 74' lang='grc' dir='ltr'><em>θεῖν·</em></span> <span class='ocrx_word' id='word_1_72' title='bbox 1324 785 1548 841; x_wconf 74' lang='grc' dir='ltr'><strong>Λάκωνες,</strong></span> <span class='ocrx_word' id='word_1_73' title='bbox 1579 801 1650 828; x_wconf 87' lang='lat' dir='ltr'><strong>or-</strong></span> 
     </span>
     <span class='ocr_line' id='line_1_10' title="bbox 201 852 1650 912; baseline 0.001 -17"><span class='ocrx_word' id='word_1_74' title='bbox 201 854 343 896; x_wconf 87' lang='lat' dir='ltr'><strong>dinem</strong></span> <span class='ocrx_word' id='word_1_75' title='bbox 374 854 686 912; x_wconf 76' lang='lat' dir='ltr'><strong>alphabeticum</strong></span> <span class='ocrx_word' id='word_1_76' title='bbox 715 852 913 905; x_wconf 80' lang='lat' dir='ltr'><strong>turbant,</strong></span> <span class='ocrx_word' id='word_1_77' title='bbox 955 867 1087 909; x_wconf 84' lang='lat' dir='ltr'><strong>quum</strong></span> <span class='ocrx_word' id='word_1_78' title='bbox 1117 862 1351 909; x_wconf 87' lang='lat' dir='ltr'><strong>sequantur</strong></span> <span class='ocrx_word' id='word_1_79' title='bbox 1382 856 1523 904; x_wconf 74' lang='grc' dir='ltr'><strong><em>σείεις,</em></strong></span> <span class='ocrx_word' id='word_1_80' title='bbox 1555 859 1650 896; x_wconf 74' lang='grc' dir='ltr'><em>Σει-</em></span> 
     </span>
     <span class='ocr_line' id='line_1_11' title="bbox 201 918 1650 979; baseline 0 -16"><span class='ocrx_word' id='word_1_81' title='bbox 201 924 322 971; x_wconf 79' lang='grc' dir='ltr'>θονιή</span> <span class='ocrx_word' id='word_1_82' title='bbox 357 929 438 963; x_wconf 87' lang='lat' dir='ltr'><strong>ete.</strong></span> <span class='ocrx_word' id='word_1_83' title='bbox 514 921 659 974; x_wconf 81' lang='lat' dir='ltr'><strong>Quare</strong></span> <span class='ocrx_word' id='word_1_84' title='bbox 689 919 810 961; x_wconf 85' lang='lat' dir='ltr'><strong>valde</strong></span> <span class='ocrx_word' id='word_1_85' title='bbox 848 933 1000 961; x_wconf 77' lang='lat' dir='ltr'><strong>vereor</strong></span> <span class='ocrx_word' id='word_1_86' title='bbox 1036 935 1090 960; x_wconf 90' lang='lat' dir='ltr'><strong>ne</strong></span> <span class='ocrx_word' id='word_1_87' title='bbox 1120 918 1225 961; x_wconf 79' lang='lat' dir='ltr'><strong>istae</strong></span> <span class='ocrx_word' id='word_1_88' title='bbox 1254 920 1362 961; x_wconf 86' lang='lat' dir='ltr'><strong>male</strong></span> <span class='ocrx_word' id='word_1_89' title='bbox 1393 921 1481 962; x_wconf 87' lang='lat' dir='ltr'><strong>sint</strong></span> <span class='ocrx_word' id='word_1_90' title='bbox 1509 937 1650 979; x_wconf 75' lang='lat' dir='ltr'><strong>segre-</strong></span> 
     </span>
     <span class='ocr_line' id='line_1_12' title="bbox 201 986 1653 1045; baseline 0 -15"><span class='ocrx_word' id='word_1_91' title='bbox 201 996 321 1045; x_wconf 82' lang='lat' dir='ltr'><strong>gatae</strong></span> <span class='ocrx_word' id='word_1_92' title='bbox 352 1005 403 1030; x_wconf 77' lang='lat' dir='ltr'><strong>ex</strong></span> <span class='ocrx_word' id='word_1_93' title='bbox 434 1004 519 1029; x_wconf 89' lang='lat' dir='ltr'><strong>una</strong></span> <span class='ocrx_word' id='word_1_94' title='bbox 547 986 652 1029; x_wconf 83' lang='lat' dir='ltr'><strong>hac:</strong></span> <span class='ocrx_word' id='word_1_95' title='bbox 704 989 831 1037; x_wconf 73' lang='grc' dir='ltr'><em>σεῖαι,</em></span> <span class='ocrx_word' id='word_1_96' title='bbox 865 988 1001 1028; x_wconf 77' lang='grc' dir='ltr'><strong><em>θεῖαι·</em></strong></span> <span class='ocrx_word' id='word_1_97' title='bbox 1043 986 1267 1037; x_wconf 75' lang='grc' dir='ltr'><strong>Λάκωνες,</strong></span> <span class='ocrx_word' id='word_1_98' title='bbox 1299 991 1460 1044; x_wconf 75' lang='grc' dir='ltr'><em>Κρῆτες</em></span> <span class='ocrx_word' id='word_1_99' title='bbox 1490 990 1532 1030; x_wconf 77' lang='grc' dir='ltr'><strong>δὲ</strong></span> <span class='ocrx_word' id='word_1_100' title='bbox 1561 990 1653 1030; x_wconf 55' lang='lat'><strong>193¹?-</strong></span> 
     </span>
     <span class='ocr_line' id='line_1_13' title="bbox 206 1051 1653 1112; baseline 0.001 -15"><span class='ocrx_word' id='word_1_101' title='bbox 206 1074 285 1097; x_wconf 66' lang='grc' dir='ltr'><strong>ναι.</strong></span> <span class='ocrx_word' id='word_1_102' title='bbox 356 1056 424 1097; x_wconf 91' lang='lat' dir='ltr'><strong>De</strong></span> <span class='ocrx_word' id='word_1_103' title='bbox 457 1056 628 1098; x_wconf 80' lang='lat' dir='ltr'><strong>Cretico</strong></span> <span class='ocrx_word' id='word_1_104' title='bbox 658 1057 796 1104; x_wconf 71' lang='grc' dir='ltr'>θὲΐυος</span> <span class='ocrx_word' id='word_1_105' title='bbox 827 1070 906 1112; x_wconf 85' lang='lat' dir='ltr'><strong>pro</strong></span> <span class='ocrx_word' id='word_1_106' title='bbox 934 1055 1050 1102; x_wconf 71' lang='grc' dir='ltr'><em>θεῖος</em></span> <span class='ocrx_word' id='word_1_107' title='bbox 1079 1054 1164 1095; x_wconf 73' lang='lat' dir='ltr'><strong>vid.</strong></span> <span class='ocrx_word' id='word_1_108' title='bbox 1199 1051 1238 1111; x_wconf 64' lang='grc' dir='ltr'><strong>ἓ.</strong></span> <span class='ocrx_word' id='word_1_109' title='bbox 1273 1056 1353 1109; x_wconf 82' lang='grc'><strong>11,</strong></span> <span class='ocrx_word' id='word_1_110' title='bbox 1385 1057 1451 1098; x_wconf 89' lang='grc'><strong>11.</strong></span> <span class='ocrx_word' id='word_1_111' title='bbox 1522 1057 1653 1098; x_wconf 84' lang='lat' dir='ltr'><strong>Extra</strong></span> 
     </span>
     <span class='ocr_line' id='line_1_14' title="bbox 203 1121 1653 1178; baseline 0.001 -14"><span class='ocrx_word' id='word_1_112' title='bbox 203 1122 407 1164; x_wconf 80' lang='lat' dir='ltr'><strong>Doricam</strong></span> <span class='ocrx_word' id='word_1_113' title='bbox 438 1124 692 1177; x_wconf 81' lang='lat' dir='ltr'><strong>dialectum,</strong></span> <span class='ocrx_word' id='word_1_114' title='bbox 734 1130 781 1164; x_wconf 90' lang='lat' dir='ltr'><strong>ut</strong></span> <span class='ocrx_word' id='word_1_115' title='bbox 810 1121 952 1163; x_wconf 86' lang='lat' dir='ltr'><strong>inania</strong></span> <span class='ocrx_word' id='word_1_116' title='bbox 984 1130 1220 1164; x_wconf 89' lang='lat' dir='ltr'><strong>commenta</strong></span> <span class='ocrx_word' id='word_1_117' title='bbox 1251 1123 1519 1178; x_wconf 74' lang='lat' dir='ltr'><strong>omittamus,</strong></span> <span class='ocrx_word' id='word_1_118' title='bbox 1559 1126 1653 1166; x_wconf 89' lang='lat' dir='ltr'><strong>uni-</strong></span> 
     </span>
     <span class='ocr_line' id='line_1_15' title="bbox 204 1189 1653 1248; baseline 0.003 -18"><span class='ocrx_word' id='word_1_119' title='bbox 204 1206 301 1231; x_wconf 90' lang='lat' dir='ltr'><strong>cum</strong></span> <span class='ocrx_word' id='word_1_120' title='bbox 341 1191 472 1247; x_wconf 82' lang='lat' dir='ltr'><strong>hujus</strong></span> <span class='ocrx_word' id='word_1_121' title='bbox 510 1190 756 1232; x_wconf 86' lang='lat' dir='ltr'><strong>mutationis</strong></span> <span class='ocrx_word' id='word_1_122' title='bbox 798 1189 1038 1248; x_wconf 85' lang='lat' dir='ltr'><strong>exemplum</strong></span> <span class='ocrx_word' id='word_1_123' title='bbox 1077 1191 1290 1248; x_wconf 84' lang='lat' dir='ltr'><strong>reperitur</strong></span> <span class='ocrx_word' id='word_1_124' title='bbox 1318 1191 1363 1232; x_wconf 89' lang='lat' dir='ltr'><strong>in</strong></span> <span class='ocrx_word' id='word_1_125' title='bbox 1393 1192 1537 1248; x_wconf 80' lang='lat' dir='ltr'><strong>glossa</strong></span> <span class='ocrx_word' id='word_1_126' title='bbox 1566 1192 1653 1234; x_wconf 87' lang='lat' dir='ltr'><strong>He-</strong></span> 
     </span>
     <span class='ocr_line' id='line_1_16' title="bbox 203 1257 1139 1314; baseline 0 -16"><span class='ocrx_word' id='word_1_127' title='bbox 203 1258 431 1314; x_wconf 71' lang='lat' dir='ltr'><strong>sychiana:</strong></span> <span class='ocrx_word' id='word_1_128' title='bbox 469 1259 648 1312; x_wconf 74' lang='grc' dir='ltr'>σαρμυί,</span> <span class='ocrx_word' id='word_1_129' title='bbox 682 1257 856 1312; x_wconf 71' lang='grc' dir='ltr'><strong><em>θερμοί·</em></strong></span> <span class='ocrx_word' id='word_1_130' title='bbox 894 1258 1139 1310; x_wconf 72' lang='grc' dir='ltr'><em>Καρύστιοι.</em></span> 
     </span>
    </p>

    <p class='ocr_par' dir='ltr' id='par_1_3' title="bbox 203 1325 1658 1788">
     <span class='ocr_line' id='line_1_17' title="bbox 314 1325 1654 1384; baseline 0 -16"><span class='ocrx_word' id='word_1_131' title='bbox 314 1325 410 1368; x_wconf 87' lang='lat' dir='ltr'><strong>Jam</strong></span> <span class='ocrx_word' id='word_1_132' title='bbox 440 1343 567 1379; x_wconf 73' lang='lat' dir='ltr'><strong>vero,</strong></span> <span class='ocrx_word' id='word_1_133' title='bbox 615 1342 748 1384; x_wconf 87' lang='lat' dir='ltr'><strong>quum</strong></span> <span class='ocrx_word' id='word_1_134' title='bbox 779 1342 834 1367; x_wconf 90' lang='lat' dir='ltr'><strong>ne</strong></span> <span class='ocrx_word' id='word_1_135' title='bbox 865 1326 975 1383; x_wconf 87' lang='lat' dir='ltr'><strong>apud</strong></span> <span class='ocrx_word' id='word_1_136' title='bbox 1007 1326 1266 1367; x_wconf 85' lang='lat' dir='ltr'><strong>Tarentinos</strong></span> <span class='ocrx_word' id='word_1_137' title='bbox 1298 1325 1471 1383; x_wconf 85' lang='lat' dir='ltr'><strong>quidem</strong></span> <span class='ocrx_word' id='word_1_138' title='bbox 1502 1333 1544 1367; x_wconf 90' lang='lat' dir='ltr'><strong>et</strong></span> <span class='ocrx_word' id='word_1_139' title='bbox 1569 1326 1654 1368; x_wconf 89' lang='lat' dir='ltr'><strong>He-</strong></span> 
     </span>
     <span class='ocr_line' id='line_1_18' title="bbox 205 1393 1655 1452; baseline 0.001 -18"><span class='ocrx_word' id='word_1_140' title='bbox 205 1394 474 1449; x_wconf 69' lang='lat' dir='ltr'><strong>rzmleenses,</strong></span> <span class='ocrx_word' id='word_1_141' title='bbox 521 1394 830 1452; x_wconf 84' lang='lat' dir='ltr'><strong>Spartanorum</strong></span> <span class='ocrx_word' id='word_1_142' title='bbox 863 1393 1066 1446; x_wconf 83' lang='lat' dir='ltr'><strong>colonos,</strong></span> <span class='ocrx_word' id='word_1_143' title='bbox 1107 1393 1371 1435; x_wconf 75' lang='lat' dir='ltr'><strong>levissimum</strong></span> <span class='ocrx_word' id='word_1_144' title='bbox 1400 1394 1493 1449; x_wconf 87' lang='lat' dir='ltr'><strong>ejus</strong></span> <span class='ocrx_word' id='word_1_145' title='bbox 1523 1401 1655 1436; x_wconf 84' lang='lat' dir='ltr'><strong>muta-</strong></span> 
     </span>
     <span class='ocr_line' id='line_1_19' title="bbox 207 1461 1657 1520; baseline 0.001 -19"><span class='ocrx_word' id='word_1_146' title='bbox 207 1461 338 1503; x_wconf 85' lang='lat' dir='ltr'><strong>tionis</strong></span> <span class='ocrx_word' id='word_1_147' title='bbox 369 1463 598 1520; x_wconf 79' lang='lat' dir='ltr'><strong>vcstigium</strong></span> <span class='ocrx_word' id='word_1_148' title='bbox 629 1462 890 1520; x_wconf 72' lang='lat' dir='ltr'><strong>reperiatur,</strong></span> <span class='ocrx_word' id='word_1_149' title='bbox 924 1469 1125 1519; x_wconf 71' lang='lat' dir='ltr'><strong>apparet,</strong></span> <span class='ocrx_word' id='word_1_150' title='bbox 1166 1477 1258 1502; x_wconf 86' lang='lat' dir='ltr'><strong>cam</strong></span> <span class='ocrx_word' id='word_1_151' title='bbox 1287 1477 1374 1502; x_wconf 89' lang='lat' dir='ltr'><strong>non</strong></span> <span class='ocrx_word' id='word_1_152' title='bbox 1408 1461 1525 1503; x_wconf 88' lang='lat' dir='ltr'><strong>omni</strong></span> <span class='ocrx_word' id='word_1_153' title='bbox 1554 1468 1657 1503; x_wconf 85' lang='lat' dir='ltr'><strong>tem-</strong></span> 
     </span>
     <span class='ocr_line' id='line_1_20' title="bbox 204 1530 1658 1587; baseline 0.001 -18"><span class='ocrx_word' id='word_1_154' title='bbox 204 1544 308 1585; x_wconf 87' lang='lat' dir='ltr'><strong>pore</strong></span> <span class='ocrx_word' id='word_1_155' title='bbox 338 1530 451 1586; x_wconf 85' lang='lat' dir='ltr'><strong>apud</strong></span> <span class='ocrx_word' id='word_1_156' title='bbox 480 1531 674 1572; x_wconf 81' lang='lat' dir='ltr'><strong>Lacones</strong></span> <span class='ocrx_word' id='word_1_157' title='bbox 704 1530 918 1587; x_wconf 79' lang='lat' dir='ltr'><strong>viguisse,</strong></span> <span class='ocrx_word' id='word_1_158' title='bbox 954 1530 1028 1570; x_wconf 90' lang='lat' dir='ltr'><strong>sed</strong></span> <span class='ocrx_word' id='word_1_159' title='bbox 1058 1537 1155 1587; x_wconf 77' lang='lat' dir='ltr'><strong>post</strong></span> <span class='ocrx_word' id='word_1_160' title='bbox 1185 1530 1396 1571; x_wconf 86' lang='lat' dir='ltr'><strong>coloniam</strong></span> <span class='ocrx_word' id='word_1_161' title='bbox 1424 1530 1658 1571; x_wconf 86' lang='lat' dir='ltr'><strong>Tarentum</strong></span> 
     </span>
     <span class='ocr_line' id='line_1_21' title="bbox 206 1596 1658 1650; baseline 0.001 -13"><span class='ocrx_word' id='word_1_162' title='bbox 206 1596 458 1650; x_wconf 81' lang='lat' dir='ltr'><strong>deductam,</strong></span> <span class='ocrx_word' id='word_1_163' title='bbox 500 1598 613 1638; x_wconf 86' lang='lat' dir='ltr'><strong>haud</strong></span> <span class='ocrx_word' id='word_1_164' title='bbox 640 1597 774 1638; x_wconf 84' lang='lat' dir='ltr'><strong>multo</strong></span> <span class='ocrx_word' id='word_1_165' title='bbox 805 1604 900 1638; x_wconf 81' lang='lat' dir='ltr'><strong>ante</strong></span> <span class='ocrx_word' id='word_1_166' title='bbox 930 1597 1182 1638; x_wconf 88' lang='lat' dir='ltr'><strong>Alcmancm</strong></span> <span class='ocrx_word' id='word_1_167' title='bbox 1213 1597 1462 1639; x_wconf 74' lang='lat' dir='ltr'><strong>invaluisse.</strong></span> <span class='ocrx_word' id='word_1_168' title='bbox 1533 1597 1658 1639; x_wconf 89' lang='lat' dir='ltr'><strong>Adeo</strong></span> 
     </span>
     <span class='ocr_line' id='line_1_22' title="bbox 203 1664 1657 1723; baseline 0.001 -19"><span class='ocrx_word' id='word_1_169' title='bbox 203 1670 301 1720; x_wconf 86' lang='lat' dir='ltr'><strong>post</strong></span> <span class='ocrx_word' id='word_1_170' title='bbox 330 1664 584 1707; x_wconf 87' lang='lat' dir='ltr'><strong>Alcmancm</strong></span> <span class='ocrx_word' id='word_1_171' title='bbox 625 1666 676 1706; x_wconf 87' lang='lat' dir='ltr'><strong>ab</strong></span> <span class='ocrx_word' id='word_1_172' title='bbox 707 1665 812 1723; x_wconf 84' lang='lat' dir='ltr'><strong>ipsis</strong></span> <span class='ocrx_word' id='word_1_173' title='bbox 844 1664 1089 1706; x_wconf 83' lang='lat' dir='ltr'><strong>Laconibus</strong></span> <span class='ocrx_word' id='word_1_174' title='bbox 1118 1671 1152 1705; x_wconf 79' lang='grc' dir='ltr'><em>θ</em></span> <span class='ocrx_word' id='word_1_175' title='bbox 1181 1665 1385 1722; x_wconf 88' lang='lat' dir='ltr'><strong>seriptum</strong></span> <span class='ocrx_word' id='word_1_176' title='bbox 1417 1680 1538 1718; x_wconf 81' lang='lat' dir='ltr'><strong>esse,</strong></span> <span class='ocrx_word' id='word_1_177' title='bbox 1586 1682 1657 1706; x_wconf 91' lang='lat' dir='ltr'><strong>an-</strong></span> 
     </span>
     <span class='ocr_line' id='line_1_23' title="bbox 205 1730 1093 1788; baseline 0.003 -18"><span class='ocrx_word' id='word_1_178' title='bbox 205 1730 351 1788; x_wconf 85' lang='lat' dir='ltr'><strong>tiquns</strong></span> <span class='ocrx_word' id='word_1_179' title='bbox 381 1732 532 1774; x_wconf 87' lang='lat' dir='ltr'><strong>titulus</strong></span> <span class='ocrx_word' id='word_1_180' title='bbox 562 1733 803 1774; x_wconf 80' lang='lat' dir='ltr'><strong>Leakianns</strong></span> <span class='ocrx_word' id='word_1_181' title='bbox 834 1732 1006 1774; x_wconf 77' lang='lat' dir='ltr'><strong>evincit.</strong></span> <span class='ocrx_word' id='word_1_182' title='bbox 1042 1758 1093 1764; x_wconf 89' lang='lat'><strong>-—</strong></span> 
     </span>
    </p>

    <p class='ocr_par' dir='ltr' id='par_1_4' title="bbox 204 1799 1658 2800">
     <span class='ocr_line' id='line_1_24' title="bbox 321 1799 1657 1858; baseline 0 -18"><span class='ocrx_word' id='word_1_183' title='bbox 321 1799 523 1841; x_wconf 88' lang='lat' dir='ltr'><strong>Ceterum</strong></span> <span class='ocrx_word' id='word_1_184' title='bbox 565 1801 741 1842; x_wconf 84' lang='lat' dir='ltr'><strong>mutatio</strong></span> <span class='ocrx_word' id='word_1_185' title='bbox 781 1801 853 1842; x_wconf 89' lang='lat' dir='ltr'><strong>illa</strong></span> <span class='ocrx_word' id='word_1_186' title='bbox 892 1801 1020 1841; x_wconf 88' lang='lat' dir='ltr'><strong>certis</strong></span> <span class='ocrx_word' id='word_1_187' title='bbox 1068 1800 1322 1858; x_wconf 79' lang='lat' dir='ltr'><strong>quibusdam</strong></span> <span class='ocrx_word' id='word_1_188' title='bbox 1361 1800 1534 1856; x_wconf 80' lang='lat' dir='ltr'><strong>legibus</strong></span> <span class='ocrx_word' id='word_1_189' title='bbox 1570 1815 1657 1840; x_wconf 90' lang='lat' dir='ltr'><strong>non</strong></span> 
     </span>
     <span class='ocr_line' id='line_1_25' title="bbox 207 1865 1656 1926; baseline 0.002 -21"><span class='ocrx_word' id='word_1_190' title='bbox 207 1865 376 1908; x_wconf 77' lang='lat' dir='ltr'><strong>videtur</strong></span> <span class='ocrx_word' id='word_1_191' title='bbox 406 1868 728 1926; x_wconf 83' lang='lat' dir='ltr'><strong>circumscripta</strong></span> <span class='ocrx_word' id='word_1_192' title='bbox 760 1868 909 1909; x_wconf 78' lang='lat' dir='ltr'><strong>fuisse.</strong></span> <span class='ocrx_word' id='word_1_193' title='bbox 984 1868 1177 1909; x_wconf 84' lang='lat' dir='ltr'><strong>Mutatur</strong></span> <span class='ocrx_word' id='word_1_194' title='bbox 1213 1874 1245 1908; x_wconf 76' lang='grc' dir='ltr'><em>θ</em></span> <span class='ocrx_word' id='word_1_195' title='bbox 1283 1867 1327 1907; x_wconf 91' lang='lat' dir='ltr'><strong>in</strong></span> <span class='ocrx_word' id='word_1_196' title='bbox 1368 1867 1507 1908; x_wconf 87' lang='lat' dir='ltr'><strong>fronte</strong></span> <span class='ocrx_word' id='word_1_197' title='bbox 1537 1882 1656 1908; x_wconf 77' lang='lat' dir='ltr'><strong>voca-</strong></span> 
     </span>
     <span class='ocr_line' id='line_1_26' title="bbox 208 1932 1658 1991; baseline 0.002 -19"><span class='ocrx_word' id='word_1_198' title='bbox 208 1932 430 1988; x_wconf 77' lang='lat' dir='ltr'><strong>bulorum,</strong></span> <span class='ocrx_word' id='word_1_199' title='bbox 476 1943 662 1976; x_wconf 85' lang='lat' dir='ltr'><strong>mutatur</strong></span> <span class='ocrx_word' id='word_1_200' title='bbox 701 1936 813 1976; x_wconf 88' lang='lat' dir='ltr'><strong>inter</strong></span> <span class='ocrx_word' id='word_1_201' title='bbox 851 1936 1045 1988; x_wconf 74' lang='lat' dir='ltr'><strong>vocales,</strong></span> <span class='ocrx_word' id='word_1_202' title='bbox 1098 1941 1283 1976; x_wconf 78' lang='lat' dir='ltr'><strong>mutatur</strong></span> <span class='ocrx_word' id='word_1_203' title='bbox 1312 1941 1410 1991; x_wconf 87' lang='lat' dir='ltr'><strong>post</strong></span> <span class='ocrx_word' id='word_1_204' title='bbox 1438 1940 1457 1974; x_wconf 80' lang='grc' dir='ltr'><strong><em>λ</em></strong></span> <span class='ocrx_word' id='word_1_205' title='bbox 1487 1942 1528 1975; x_wconf 87' lang='lat' dir='ltr'><strong>et</strong></span> <span class='ocrx_word' id='word_1_206' title='bbox 1558 1952 1580 1987; x_wconf 76' lang='grc' dir='ltr'><strong><em>ρ</em></strong></span> <span class='ocrx_word' id='word_1_207' title='bbox 1613 1943 1658 1975; x_wconf 88' lang='lat' dir='ltr'><strong>ut</strong></span> 
     </span>
     <span class='ocr_line' id='line_1_27' title="bbox 207 2001 1657 2059; baseline 0.002 -20"><span class='ocrx_word' id='word_1_208' title='bbox 207 2001 358 2048; x_wconf 73' lang='grc' dir='ltr'><strong><em>ἐλσώυ,</em></strong></span> <span class='ocrx_word' id='word_1_209' title='bbox 394 2001 525 2056; x_wconf 68' lang='grc' dir='ltr'><em>ὀρσὰ,</em></span> <span class='ocrx_word' id='word_1_210' title='bbox 570 2009 756 2043; x_wconf 86' lang='lat' dir='ltr'><strong>mutatur</strong></span> <span class='ocrx_word' id='word_1_211' title='bbox 785 2003 915 2054; x_wconf 84' lang='lat' dir='ltr'><strong>adeo,</strong></span> <span class='ocrx_word' id='word_1_212' title='bbox 947 2018 1078 2059; x_wconf 92' lang='lat' dir='ltr'><strong>quum</strong></span> <span class='ocrx_word' id='word_1_213' title='bbox 1110 2019 1131 2043; x_wconf 90' lang='lat' dir='ltr'><strong>e</strong></span> <span class='ocrx_word' id='word_1_214' title='bbox 1161 2002 1278 2043; x_wconf 88' lang='lat' dir='ltr'><strong>tenui</strong></span> <span class='ocrx_word' id='word_1_215' title='bbox 1307 2009 1349 2043; x_wconf 88' lang='lat' dir='ltr'><strong>ct</strong></span> <span class='ocrx_word' id='word_1_216' title='bbox 1378 2017 1529 2058; x_wconf 89' lang='lat' dir='ltr'><strong>aspero</strong></span> <span class='ocrx_word' id='word_1_217' title='bbox 1560 2017 1657 2042; x_wconf 91' lang='lat' dir='ltr'><strong>con—</strong></span> 
     </span>
     <span class='ocr_line' id='line_1_28' title="bbox 207 2068 1654 2123; baseline 0 -14"><span class='ocrx_word' id='word_1_218' title='bbox 207 2068 352 2109; x_wconf 77' lang='lat' dir='ltr'><strong>{latum</strong></span> <span class='ocrx_word' id='word_1_219' title='bbox 383 2077 472 2123; x_wconf 72' lang='lat' dir='ltr'><strong>est,</strong></span> <span class='ocrx_word' id='word_1_220' title='bbox 513 2077 700 2111; x_wconf 86' lang='lat' dir='ltr'><strong>mutatur</strong></span> <span class='ocrx_word' id='word_1_221' title='bbox 729 2078 770 2111; x_wconf 89' lang='lat' dir='ltr'><strong>et</strong></span> <span class='ocrx_word' id='word_1_222' title='bbox 801 2070 845 2110; x_wconf 90' lang='lat' dir='ltr'><strong>in</strong></span> <span class='ocrx_word' id='word_1_223' title='bbox 875 2069 1090 2111; x_wconf 86' lang='lat' dir='ltr'><strong>radicibus</strong></span> <span class='ocrx_word' id='word_1_224' title='bbox 1122 2078 1162 2110; x_wconf 89' lang='lat' dir='ltr'><strong>ct</strong></span> <span class='ocrx_word' id='word_1_225' title='bbox 1193 2069 1235 2109; x_wconf 90' lang='lat' dir='ltr'><strong>in</strong></span> <span class='ocrx_word' id='word_1_226' title='bbox 1267 2069 1654 2110; x_wconf 83' lang='lat' dir='ltr'><strong>terminationibus.</strong></span> 
     </span>
     <span class='ocr_line' id='line_1_29' title="bbox 204 2136 1658 2195; baseline 0.001 -19"><span class='ocrx_word' id='word_1_227' title='bbox 204 2136 354 2193; x_wconf 84' lang='lat' dir='ltr'><strong>ltaque</strong></span> <span class='ocrx_word' id='word_1_228' title='bbox 386 2137 644 2191; x_wconf 84' lang='lat' dir='ltr'><strong>credideris,</strong></span> <span class='ocrx_word' id='word_1_229' title='bbox 676 2153 895 2194; x_wconf 83' lang='lat' dir='ltr'><strong>nunquam</strong></span> <span class='ocrx_word' id='word_1_230' title='bbox 925 2144 1135 2178; x_wconf 80' lang='lat' dir='ltr'><strong>servatum</strong></span> <span class='ocrx_word' id='word_1_231' title='bbox 1167 2153 1260 2178; x_wconf 76' lang='lat' dir='ltr'><strong>esse</strong></span> <span class='ocrx_word' id='word_1_232' title='bbox 1279 2169 1290 2190; x_wconf 77' lang='lat'>‚</span> <span class='ocrx_word' id='word_1_233' title='bbox 1337 2136 1420 2178; x_wconf 88' lang='lat' dir='ltr'><strong>nisi</strong></span> <span class='ocrx_word' id='word_1_234' title='bbox 1451 2138 1658 2195; x_wconf 82' lang='lat' dir='ltr'><strong>cacopho-</strong></span> 
     </span>
     <span class='ocr_line' id='line_1_30' title="bbox 207 2203 1656 2262; baseline 0.001 -18"><span class='ocrx_word' id='word_1_235' title='bbox 207 2203 276 2244; x_wconf 86' lang='lat' dir='ltr'><strong>nia</strong></span> <span class='ocrx_word' id='word_1_236' title='bbox 306 2204 476 2246; x_wconf 72' lang='lat' dir='ltr'><strong>obesset</strong></span> <span class='ocrx_word' id='word_1_237' title='bbox 552 2205 608 2245; x_wconf 85' lang='lat' dir='ltr'><strong>Et</strong></span> <span class='ocrx_word' id='word_1_238' title='bbox 639 2205 763 2245; x_wconf 83' lang='lat' dir='ltr'><strong>tradit</strong></span> <span class='ocrx_word' id='word_1_239' title='bbox 792 2205 940 2246; x_wconf 88' lang='lat' dir='ltr'><strong>doctus</strong></span> <span class='ocrx_word' id='word_1_240' title='bbox 970 2205 1138 2262; x_wconf 86' lang='lat' dir='ltr'><strong>qnidam</strong></span> <span class='ocrx_word' id='word_1_241' title='bbox 1162 2204 1462 2260; x_wconf 69' lang='lat' dir='ltr'><strong>grammaticus</strong></span> <span class='ocrx_word' id='word_1_242' title='bbox 1487 2204 1537 2259; x_wconf 73' lang='lat'><strong>¹),</strong></span> <span class='ocrx_word' id='word_1_243' title='bbox 1568 2220 1656 2246; x_wconf 89' lang='lat' dir='ltr'><strong>eam</strong></span> 
     </span>
     <span class='ocr_line' id='line_1_31' title="bbox 208 2272 1658 2329; baseline 0.001 -18"><span class='ocrx_word' id='word_1_244' title='bbox 208 2272 484 2313; x_wconf 87' lang='lat' dir='ltr'><strong>mutationem</strong></span> <span class='ocrx_word' id='word_1_245' title='bbox 525 2288 610 2313; x_wconf 87' lang='lat' dir='ltr'><strong>non</strong></span> <span class='ocrx_word' id='word_1_246' title='bbox 652 2272 878 2313; x_wconf 83' lang='lat' dir='ltr'><strong>admissam</strong></span> <span class='ocrx_word' id='word_1_247' title='bbox 922 2287 1044 2323; x_wconf 79' lang='lat' dir='ltr'><strong>csse,</strong></span> <span class='ocrx_word' id='word_1_248' title='bbox 1104 2272 1138 2312; x_wconf 85' lang='lat' dir='ltr'><strong>si</strong></span> <span class='ocrx_word' id='word_1_249' title='bbox 1171 2288 1356 2329; x_wconf 82' lang='lat' dir='ltr'><strong>sequens</strong></span> <span class='ocrx_word' id='word_1_250' title='bbox 1387 2272 1550 2329; x_wconf 61' lang='lat' dir='ltr'><strong>syllaba</strong></span> <span class='ocrx_word' id='word_1_251' title='bbox 1580 2289 1600 2313; x_wconf 81' lang='lat' dir='ltr'><strong>a</strong></span> <span class='ocrx_word' id='word_1_252' title='bbox 1634 2288 1658 2312; x_wconf 85' lang='grc' dir='ltr'>σ</span> 
     </span>
     <span class='ocr_line' id='line_1_32' title="bbox 207 2337 1656 2397; baseline 0.001 -19"><span class='ocrx_word' id='word_1_253' title='bbox 207 2337 442 2397; x_wconf 76' lang='lat' dir='ltr'><strong>inciperet,</strong></span> <span class='ocrx_word' id='word_1_254' title='bbox 478 2340 546 2381; x_wconf 84' lang='lat' dir='ltr'><strong>cui</strong></span> <span class='ocrx_word' id='word_1_255' title='bbox 578 2340 751 2396; x_wconf 75' lang='lat' dir='ltr'><strong>regulae</strong></span> <span class='ocrx_word' id='word_1_256' title='bbox 788 2339 1030 2396; x_wconf 81' lang='lat' dir='ltr'><strong>exemplum</strong></span> <span class='ocrx_word' id='word_1_257' title='bbox 1061 2339 1290 2380; x_wconf 71' lang='lat' dir='ltr'><strong>adversans</strong></span> <span class='ocrx_word' id='word_1_258' title='bbox 1322 2340 1534 2397; x_wconf 77' lang='lat' dir='ltr'><strong>reperitur</strong></span> <span class='ocrx_word' id='word_1_259' title='bbox 1564 2339 1656 2380; x_wconf 90' lang='lat' dir='ltr'><strong>nnl-</strong></span> 
     </span>
     <span class='ocr_line' id='line_1_33' title="bbox 207 2405 1655 2465; baseline 0.002 -20"><span class='ocrx_word' id='word_1_260' title='bbox 207 2405 311 2446; x_wconf 91' lang='lat' dir='ltr'><strong>lum.</strong></span> <span class='ocrx_word' id='word_1_261' title='bbox 381 2407 478 2449; x_wconf 73' lang='lat' dir='ltr'><strong>&#39;Non</strong></span> <span class='ocrx_word' id='word_1_262' title='bbox 519 2407 654 2463; x_wconf 76' lang='lat' dir='ltr'><strong>magis</strong></span> <span class='ocrx_word' id='word_1_263' title='bbox 693 2407 844 2455; x_wconf 84' lang='lat' dir='ltr'><strong>credo,</strong></span> <span class='ocrx_word' id='word_1_264' title='bbox 906 2407 1101 2448; x_wconf 81' lang='lat' dir='ltr'><strong>Lacones</strong></span> <span class='ocrx_word' id='word_1_265' title='bbox 1144 2423 1220 2463; x_wconf 83' lang='lat' dir='ltr'><strong>pro</strong></span> <span class='ocrx_word' id='word_1_266' title='bbox 1251 2408 1406 2457; x_wconf 58' lang='grc' dir='ltr'><strong>ἔσθος,</strong></span> <span class='ocrx_word' id='word_1_267' title='bbox 1467 2407 1583 2465; x_wconf 83' lang='lat' dir='ltr'><strong>quod</strong></span> <span class='ocrx_word' id='word_1_268' title='bbox 1613 2407 1655 2448; x_wconf 89' lang='lat' dir='ltr'><strong>in</strong></span> 
     </span>
     <span class='ocr_line' id='line_1_34' title="bbox 209 2473 1654 2532; baseline 0.001 -18"><span class='ocrx_word' id='word_1_269' title='bbox 209 2473 447 2530; x_wconf 64' lang='lat' dir='ltr'><strong>Lysistrata</strong></span> <span class='ocrx_word' id='word_1_270' title='bbox 475 2491 512 2516; x_wconf 79' lang='lat' dir='ltr'><strong>v.</strong></span> <span class='ocrx_word' id='word_1_271' title='bbox 553 2474 658 2517; x_wconf 72' lang='lat' dir='ltr'><strong>109ss</strong></span> <span class='ocrx_word' id='word_1_272' title='bbox 686 2475 869 2531; x_wconf 73' lang='lat' dir='ltr'><strong>legitur,</strong></span> <span class='ocrx_word' id='word_1_273' title='bbox 899 2474 1021 2521; x_wconf 29' lang='lat' dir='ltr'><strong>›Emot-</strong></span> <span class='ocrx_word' id='word_1_274' title='bbox 1052 2474 1237 2527; x_wconf 68' lang='lat' dir='ltr'><strong>dixisse,</strong></span> <span class='ocrx_word' id='word_1_275' title='bbox 1271 2474 1337 2515; x_wconf 80' lang='lat' dir='ltr'><strong>vel</strong></span> <span class='ocrx_word' id='word_1_276' title='bbox 1369 2489 1446 2532; x_wconf 84' lang='lat' dir='ltr'><strong>pro</strong></span> <span class='ocrx_word' id='word_1_277' title='bbox 1478 2475 1654 2528; x_wconf 75' lang='grc' dir='ltr'><em>ἄθρους,</em></span> 
     </span>
     <span class='ocr_line' id='line_1_35' title="bbox 207 2541 1655 2599; baseline 0.001 -18"><span class='ocrx_word' id='word_1_278' title='bbox 207 2541 321 2597; x_wconf 85' lang='lat' dir='ltr'><strong>qnod</strong></span> <span class='ocrx_word' id='word_1_279' title='bbox 355 2543 598 2599; x_wconf 58' lang='lat' dir='ltr'><strong>Hesychius</strong></span> <span class='ocrx_word' id='word_1_280' title='bbox 629 2542 889 2584; x_wconf 86' lang='lat' dir='ltr'><strong>Laconicum</strong></span> <span class='ocrx_word' id='word_1_281' title='bbox 921 2541 1050 2591; x_wconf 75' lang='lat' dir='ltr'><strong>dicit,</strong></span> <span class='ocrx_word' id='word_1_282' title='bbox 1086 2542 1269 2594; x_wconf 61' lang='grc' dir='ltr'><strong>οἴστρους,</strong></span> <span class='ocrx_word' id='word_1_283' title='bbox 1311 2542 1410 2599; x_wconf 84' lang='lat' dir='ltr'><strong>qnia</strong></span> <span class='ocrx_word' id='word_1_284' title='bbox 1440 2542 1655 2583; x_wconf 80' lang='lat' dir='ltr'><strong>literarum</strong></span> 
     </span>
     <span class='ocr_line' id='line_1_36' title="bbox 210 2608 1657 2668; baseline 0.001 -21"><span class='ocrx_word' id='word_1_285' title='bbox 210 2624 260 2660; x_wconf 71' lang='grc' dir='ltr'><strong>πρ</strong></span> <span class='ocrx_word' id='word_1_286' title='bbox 294 2609 541 2663; x_wconf 83' lang='lat' dir='ltr'><strong>conjunctio</strong></span> <span class='ocrx_word' id='word_1_287' title='bbox 573 2610 623 2651; x_wconf 90' lang='lat' dir='ltr'><strong>ab</strong></span> <span class='ocrx_word' id='word_1_288' title='bbox 653 2609 852 2650; x_wconf 83' lang='lat' dir='ltr'><strong>omnibus</strong></span> <span class='ocrx_word' id='word_1_289' title='bbox 883 2608 1061 2650; x_wconf 89' lang='lat' dir='ltr'><strong>Graecis</strong></span> <span class='ocrx_word' id='word_1_290' title='bbox 1092 2611 1322 2668; x_wconf 82' lang='lat' dir='ltr'><strong>respuitur.</strong></span> <span class='ocrx_word' id='word_1_291' title='bbox 1386 2609 1657 2651; x_wconf 81' lang='lat' dir='ltr'><strong>Retinnerint</strong></span> 
     </span>
     <span class='ocr_line' id='line_1_37' title="bbox 209 2675 1655 2734; baseline 0.001 -20"><span class='ocrx_word' id='word_1_292' title='bbox 209 2675 333 2716; x_wconf 82' lang='lat' dir='ltr'><strong>ctiam</strong></span> <span class='ocrx_word' id='word_1_293' title='bbox 366 2685 461 2733; x_wconf 85' lang='lat' dir='ltr'><strong>post</strong></span> <span class='ocrx_word' id='word_1_294' title='bbox 492 2696 536 2729; x_wconf 69' lang='lat' dir='ltr'><strong>v,</strong></span> <span class='ocrx_word' id='word_1_295' title='bbox 582 2685 628 2718; x_wconf 86' lang='lat' dir='ltr'><strong>ut</strong></span> <span class='ocrx_word' id='word_1_296' title='bbox 657 2679 866 2729; x_wconf 63' lang='grc' dir='ltr'><strong>Κορινθία</strong></span> <span class='ocrx_word' id='word_1_297' title='bbox 904 2683 945 2717; x_wconf 82' lang='lat' dir='ltr'><strong>et</strong></span> <span class='ocrx_word' id='word_1_298' title='bbox 973 2677 1233 2729; x_wconf 54' lang='lat' dir='ltr'><strong>nmorfmioeg</strong></span> <span class='ocrx_word' id='word_1_299' title='bbox 1263 2677 1375 2734; x_wconf 83' lang='lat' dir='ltr'><strong>apud</strong></span> <span class='ocrx_word' id='word_1_300' title='bbox 1404 2676 1655 2733; x_wconf 76' lang='lat' dir='ltr'><strong>Aristopha-</strong></span> 
     </span>
     <span class='ocr_line' id='line_1_38' title="bbox 210 2743 1651 2800; baseline 0.001 -19"><span class='ocrx_word' id='word_1_301' title='bbox 210 2758 305 2783; x_wconf 76' lang='lat' dir='ltr'><strong>nem</strong></span> <span class='ocrx_word' id='word_1_302' title='bbox 339 2752 436 2785; x_wconf 78' lang='lat' dir='ltr'><strong>sunt</strong></span> <span class='ocrx_word' id='word_1_303' title='bbox 526 2745 610 2785; x_wconf 68' lang='lat' dir='ltr'><strong>Sed</strong></span> <span class='ocrx_word' id='word_1_304' title='bbox 644 2761 742 2785; x_wconf 89' lang='lat' dir='ltr'><strong>num</strong></span> <span class='ocrx_word' id='word_1_305' title='bbox 777 2747 860 2786; x_wconf 72' lang='grc' dir='ltr'><strong>ἴθι,</strong></span> <span class='ocrx_word' id='word_1_306' title='bbox 895 2744 1098 2796; x_wconf 63' lang='grc' dir='ltr'><strong>ι’)ά;ἰινηις</strong></span> <span class='ocrx_word' id='word_1_307' title='bbox 1130 2752 1170 2785; x_wconf 74' lang='lat' dir='ltr'><strong>ct</strong></span> <span class='ocrx_word' id='word_1_308' title='bbox 1201 2744 1279 2784; x_wconf 84' lang='lat' dir='ltr'><strong>alia</strong></span> <span class='ocrx_word' id='word_1_309' title='bbox 1311 2744 1423 2800; x_wconf 82' lang='lat' dir='ltr'><strong>apud</strong></span> <span class='ocrx_word' id='word_1_310' title='bbox 1453 2743 1651 2793; x_wconf 82' lang='lat' dir='ltr'><strong>eundem,</strong></span> 
     </span>
    </p>
   </div>
  </div>
 </body>
</html>
