1779 3079
123 237 165 297 §.
182 237 260 287 50.
288 239 362 285 De
378 236 575 284 Doridis
596 252 826 301 generum
849 245 894 282 et
914 233 1185 298 specierum
1209 233 1407 298 origine.
1459 235 1558 285 425

119 372 356 414 incolarum
400 371 568 413 numeri
611 369 777 412 tertiam
818 377 980 426 partem
1022 386 1108 411 non
1153 370 1445 428 expleverint,
1504 370 1558 411 iis

119 440 261 493 enim,
293 439 368 497 qui
398 439 527 498 primi
557 439 708 480 urbem
736 436 1040 491 condiderant,
1073 454 1173 494 prae
1192 438 1374 495 reliquis
1395 438 1559 495 aliquid

112 508 228 563 juris
259 508 350 549 dari
379 514 710 549 consentaneum
741 511 843 546 erat.
926 504 1094 561 Cyrene
1124 505 1257 561 igitur
1285 506 1457 548 nomine
1485 521 1559 563 po-

116 576 205 618 tius
235 592 361 633 quam
391 591 438 617 re
469 575 638 617 Therae
668 572 837 614 colonia
868 579 981 626 erat,
1027 587 1106 613 nec
1148 574 1329 628 mirum,
1376 575 1414 615 si
1444 574 1559 615 The-

115 659 313 686 racorum
360 643 567 685 dialectus
614 641 726 682 inter
771 648 833 682 tot
879 640 1047 681 accolas
1091 640 1255 682 alienae
1302 641 1560 683 elocutionis

116 711 353 754 evanuerit.
429 709 687 762 Cretenses,
733 707 779 748 id
819 708 935 765 quod
974 708 1068 765 ipse
1096 716 1303 750 terrarum
1336 710 1442 751 situs
1474 709 1561 750 exi-

116 778 280 820 stimari
304 778 456 833 jubet,
486 793 662 819 numero
694 776 986 834 praevaluisse
1016 775 1244 829 videntur,
1286 793 1417 833 quum
1448 777 1563 818 inter

116 846 324 888 dialectos
359 845 571 887 Creticam
603 852 645 886 ct
678 845 959 901 Cyrenaicam
998 852 1168 903 practer
1207 860 1280 894 ea,
1327 861 1436 903 quac
1466 845 1561 885 uni·

112 914 229 957 versi
261 912 491 956 severioris
524 912 696 971 generis
729 921 852 961 sunt,
885 920 1168 954 extremarum
1188 912 1452 970 syllabarum
1472 928 1562 954 cor-

113 982 253 1039 reptio
282 981 522 1023 communis
552 980 633 1033 sit,
677 996 803 1037 quam
833 996 857 1022 a
889 980 1177 1023 Cretensibus
1207 981 1353 1038 potius
1382 996 1511 1039 quam
1541 995 1563 1020 a

116 1049 327 1092 Theraeis
357 1050 410 1090 ad
441 1049 689 1105 Cyrenaeus
728 1056 1042 1090 transmauassc
1082 1056 1307 1106 putamus,
1350 1048 1564 1090 vocalium

114 1132 155 1158 εο
193 1117 528 1159 contractionem
569 1116 613 1156 in
655 1132 722 1165 ευ,
767 1132 895 1173 quam
926 1116 1139 1173 Cyrenaei
1169 1133 1271 1175 prae
1300 1115 1468 1173 reliqua
1499 1132 1564 1157 se·

112 1185 279 1227 veriore
308 1184 474 1227 Doride
503 1184 766 1241 peculiarem
797 1183 980 1236 habent,
1013 1184 1067 1225 ad
1097 1183 1348 1238 insulanos,
1380 1184 1454 1241 qui
1480 1183 1564 1240 Cy-

112 1268 245 1294 renen
271 1252 679 1310 commigraverant,
711 1252 780 1293 vel
800 1250 987 1293 Doricos
1018 1253 1087 1294 vel
1116 1253 1291 1295 Ionicos
1322 1251 1562 1305 retulerim,

113 1336 297 1378 quorum
326 1321 525 1378 utrisque
556 1321 595 1361 is
626 1335 730 1361 usus
761 1319 988 1362 familiaris
1020 1328 1123 1362 crat.
1158 1349 1211 1354 —
1253 1320 1399 1373 Quum
1430 1319 1565 1378 igitur

110 1388 297 1431 Doricae
326 1388 523 1430 coloniae
553 1395 651 1445 post
682 1387 988 1445 Olympiadum
1027 1388 1200 1430 initium
1238 1388 1435 1429 conditae
1466 1404 1563 1429 cum

112 1471 190 1498 sua
232 1472 429 1516 quaeque
467 1457 695 1515 metropoli
736 1464 808 1498 aut
848 1457 1041 1499 severius
1082 1464 1154 1498 aut
1195 1456 1344 1498 mitius
1383 1456 1563 1498 Doridis

113 1540 252 1581 genus
276 1540 500 1567 commune
523 1526 731 1575 habeant,
762 1533 1060 1583 praeterquam
1091 1525 1167 1565 ubi
1198 1541 1276 1582 per
1304 1525 1564 1566 advenarum

111 1592 455 1650 alienigenarum
485 1594 734 1635 confluxum
762 1593 941 1635 mutatio
972 1593 1083 1634 faeta
1113 1600 1205 1647 cst,
1240 1600 1281 1635 ct
1303 1608 1434 1648 quum
1456 1592 1564 1633 mul-

110 1667 178 1701 tae
208 1675 260 1701 ex
289 1660 381 1702 illis
411 1668 483 1702 aut
513 1668 661 1703 octavo
694 1661 866 1703 saeculo
896 1668 969 1702 aut
997 1661 1172 1702 ineunte
1202 1660 1385 1716 septimo
1415 1659 1563 1701 eondi-

111 1734 179 1768 tae
210 1727 320 1780 sint,
353 1736 466 1769 certa
497 1728 826 1771 ratiocinatione
857 1729 1062 1777 efficitur,
1091 1729 1180 1784 jam
1213 1736 1360 1769 octavo
1393 1726 1565 1769 saeculo

112 1793 354 1837 Dorienses
383 1795 497 1838 inter
527 1796 723 1838 severius
754 1812 892 1853 genus
924 1803 966 1838 et
993 1796 1142 1838 mitius
1174 1795 1339 1839 divisos
1367 1794 1519 1836 fuisse.

226 1930 313 1972 Sed
345 1930 471 1972 etiam
501 1930 629 1972 altius
661 1929 713 1971 ad
736 1929 922 1987 mythiea
946 1937 1137 1987 tempora
1159 1930 1392 1972 escendere
1419 1929 1558 1984 juvat.

112 1997 350 2040 Videamus
381 1999 524 2051 enim,
563 2005 658 2039 utro
689 1998 870 2039 Doridis
904 2014 1062 2055 genere
1092 1998 1219 2039 urbes
1250 1995 1436 2039 Doricae
1467 2012 1565 2054 pro-

112 2065 227 2106 ximo
258 2073 358 2123 post
385 2066 686 2123 migrationem
716 2074 907 2123 tempore
938 2066 1135 2108 conditae
1156 2066 1226 2107 vel
1250 2073 1396 2122 captae
1418 2072 1565 2121 postea

112 2147 215 2173 usae
246 2133 347 2174 sint.
421 2134 663 2176 Dorienses
696 2133 883 2176 Achaeis
912 2133 1038 2175 vietis
1069 2134 1115 2175 in
1146 2134 1452 2190 Peloponneso
1482 2132 1563 2172 tria

110 2215 244 2256 regna
274 2200 520 2242 condidisse
550 2202 775 2254 seruntur,
819 2202 1060 2258 Argivum,
1106 2201 1401 2255 Laconicum,
1448 2199 1564 2241 Mes-

111 2268 323 2310 senicum.
384 2270 519 2325 Argis
550 2269 705 2311 deinde
737 2269 962 2322 exierunt,
1010 2270 1086 2327 qui
1116 2269 1412 2321 Troezenem,
1458 2266 1563 2324 Epi-

111 2334 318 2389 daurum,
354 2335 585 2393 Sicyonem
616 2344 907 2395 occuparunt,
938 2336 1188 2394 Epidauro,
1220 2336 1296 2393 qui
1327 2334 1562 2392 Aeginam,

111 2418 163 2444 ex
193 2402 434 2460 Argolide,
478 2403 553 2461 qui
584 2403 812 2458 Rhodum,
862 2405 983 2458 Con,
1030 2405 1280 2461 Calymnam
1321 2411 1363 2445 et
1397 2402 1562 2445 vicinas

111 2469 308 2513 civitates
339 2471 539 2513 Dorieas.
615 2471 742 2525 Quod
772 2474 949 2526 Aletes,
993 2472 1070 2530 qui
1105 2471 1271 2528 primus
1305 2470 1563 2512 Corinthum

109 2536 158 2578 in
188 2537 473 2580 Doriensium
502 2546 754 2596 potestatem
794 2541 987 2596 redegit,
1034 2556 1120 2580 non
1151 2539 1313 2595 Argis,
1361 2539 1406 2579 id
1447 2538 1562 2596 quod

109 2605 332 2662 probabile
362 2606 558 2659 videtur,
590 2622 733 2664 neque
764 2623 786 2648 c
807 2608 1025 2650 Laconica
1055 2607 1125 2648 vel
1141 2606 1360 2648 Messenia
1388 2606 1562 2649 venisse

110 2673 272 2726 fertur,
322 2673 647 2716 Corinthiorum
685 2676 843 2716 fastum
871 2675 1083 2732 Argivam
1121 2673 1335 2731 originem
1363 2690 1561 2732 asperna-

111 2745 201 2782 tum
242 2740 387 2783 miuus
426 2757 525 2785 vera
564 2742 743 2785 linxisse
781 2742 1036 2801 putaverim.
1109 2741 1376 2798 Megaridem
1408 2742 1559 2784 Corin-
