1779 3079
207 215 272 264 40
638 214 680 272 §.
720 213 763 261 5.
836 214 910 260 De
947 213 1207 278 digamma.

208 349 309 392 libri
338 347 471 402 μηκέτ’
505 346 637 389 ἀελίου
665 347 897 406 praebent3
928 363 1008 389 nec
1035 347 1178 389 minus
1200 346 1330 403 ἁμέρα
1349 353 1525 405 propter
1545 344 1657 402 ἦμαρ

209 424 251 459 et
279 416 509 458 Pindarica
538 414 740 470 ἐπάμερος
768 415 820 457 Ρ.
842 415 977 470 VIII,
1009 416 1063 459 99
1093 423 1134 458 ct
1163 414 1446 470 πεμπτάμερος
1476 414 1532 457 Ο.
1553 416 1659 470 V,6

208 500 287 543 pro
319 484 527 539 ἐφήμερος
556 490 598 525 et
625 482 897 540 πενθήμερος.
957 484 1108 542 Neque
1139 492 1278 525 tamen
1300 483 1532 541 quidquam
1555 482 1660 526 certi

209 552 470 595 constituere
509 552 728 594 audemus.
809 552 1010 594 Ceterum
1040 552 1092 594 ad
1118 552 1345 609 Apollonii
1375 551 1567 608 regulam
1595 566 1660 593 re-

208 621 321 662 ferre
361 620 463 662 licet
502 619 580 661 ἐστ’
623 621 760 674 ἁμῶν,
822 619 938 678 quod
968 619 1121 677 Epich.
1153 620 1234 662 147
1274 619 1387 677 apud
1425 619 1662 660 Eusebium

208 688 369 745 legitur
398 696 440 730 et
468 687 678 746 Hesychii
708 687 895 744 glossam
927 688 1102 738 ἐστόκα,
1149 687 1295 729 ἐνιότε·
1357 688 1600 742 Ταραντῖνοι
1627 686 1658 728 i.

208 773 246 798 e.
281 773 348 797 εστ
391 774 483 798 οκα.
1086 808 1093 813 ἢ

321 825 364 873 5)
423 823 559 865 Vides
590 838 716 881 quam
747 821 889 864 omnia
919 822 1006 864 siut
1033 823 1211 864 incerta.
1271 823 1381 865 Nam
1403 824 1662 866 Heracleen-

209 890 320 932 sium
351 891 396 932 in
426 891 493 932 his
534 890 825 945 consuetudo,
886 891 938 931 de
976 906 1061 948 quo
1100 891 1246 948 paullo
1285 892 1439 933 melius
1479 899 1662 946 constat,

209 974 313 1000 num
342 959 394 999 ad
425 958 616 1015 reliquos
648 974 819 1016 quoquc
853 957 1091 999 Dorienses
1121 958 1404 1015 pertinuerit,
1454 959 1557 1001 satis
1588 958 1664 1000 du-

207 1026 328 1067 bium
369 1032 460 1079 cst,
509 1025 761 1082 praesertim
791 1041 924 1084 quum
953 1025 1085 1067 iidem
1115 1025 1161 1066 in
1191 1025 1392 1083 digammi
1423 1042 1503 1068 usu
1533 1026 1665 1069 multa

208 1092 444 1149 singularia
474 1093 658 1134 habeant
687 1110 709 1134 a
738 1094 1004 1152 reliquorum
1027 1093 1316 1147 Graecorum,
1348 1094 1423 1151 qui
1454 1094 1665 1152 digamma

208 1161 506 1215 retinuerunt,
551 1177 631 1203 usu
664 1162 816 1203 aliena.
877 1161 1173 1204 Nihilominus
1204 1162 1435 1204 nonnullas
1464 1162 1583 1220 leges
1612 1162 1680 1204 de'

209 1228 437 1287 spirituum
467 1228 581 1286 apud
610 1228 847 1270 Dorienses
878 1229 1043 1271 ratione
1073 1230 1335 1272 constituere
1366 1230 1597 1272 audemus:

320 1296 499 1338 Doridis
539 1313 643 1338 usus
684 1313 781 1339 cum
818 1297 987 1354 vulgari
1026 1297 1071 1339 in
1114 1298 1363 1339 universum
1394 1297 1667 1356 conspirabat

206 1380 348 1421 neque
393 1364 662 1423 discrepabat
706 1365 792 1407 nisi
833 1365 879 1406 in
933 1365 1118 1422 singulis
1169 1366 1425 1423 quibusdam
1467 1365 1662 1407 vocibus.

210 1432 374 1474 Lenem
403 1448 482 1490 pro
511 1433 679 1490 vulgari
712 1449 864 1492 aspero
903 1433 972 1475 vel
1010 1433 1122 1491 apud
1153 1450 1301 1476 omnes
1331 1433 1568 1476 Dorienses
1597 1432 1667 1475 vel

206 1500 253 1541 in
285 1500 470 1556 singulis
500 1502 733 1557 generibus
763 1517 850 1543 non
880 1500 1094 1543 habebant
1122 1501 1208 1542 nisi
1247 1517 1319 1542 eae
1349 1516 1504 1555 voces,
1556 1516 1665 1558 quae

208 1567 259 1608 ab
299 1568 466 1625 origine
509 1576 551 1610 et
585 1569 630 1609 in
660 1568 871 1611 Lesbiaca
910 1569 1090 1611 dialecto
1133 1585 1333 1627 asperum
1364 1576 1665 1626 aspernantur,

208 1635 357 1692 quales
389 1642 489 1677 sunt
532 1636 631 1691 ὅρος
671 1652 767 1678 011111
808 1637 1037 1691 derivatis,
1084 1636 1201 1686 ἁλία,
1249 1635 1442 1689 ἁμαξιτὸς
1485 1639 1569 1688 (nr.
1602 1637 1665 1691 2),

214 1703 360 1757 ἵππος,
409 1703 558 1759 ιάρός,
608 1704 799 1758 ἁρμόζει),
847 1705 1014 1759 ἆγεόμαι
1045 1721 1141 1747 011111
1172 1704 1372 1746 derivatis
1410 1704 1495 1757 (nr.
1530 1705 1581 1758 3,
1613 1703 1665 1745 de

208 1769 405 1819 ’Τι’άσιος
446 1779 489 1813 et
520 1771 611 1813 ᾰιιιά
642 1789 790 1830 parum
821 1776 1029 1823 constat),
1074 1775 1255 1815 fortasse
1300 1773 1413 1820 ἅλιος
1452 1779 1495 1813 ct
1534 1770 1666 1825 ἁμέρα

211 1835 297 1886 (nr.
329 1839 390 1883 4).
467 1839 586 1895 Ergo
617 1840 759 1882 Dores
791 1857 1011 1898 nunquam
1040 1848 1199 1882 temere
1229 1841 1370 1882 lenem
1404 1854 1482 1897 pro
1512 1852 1663 1895 aspero

209 1914 546 1962 assumpserunt.
612 1908 772 1949 Contra
800 1924 899 1966 pars
927 1916 1040 1950 certe
1061 1907 1341 1949 Doricnsium
1363 1906 1502 1964 asperi
1523 1922 1663 1947 aman·

210 1971 294 2012 tior
324 1973 431 2026 fuit,
463 1990 590 2031 quem
614 1975 927 2017 Heracleenses
958 1991 1089 2033 quum
1120 1975 1164 2015 in
1196 1974 1291 2015 aliis
1322 1982 1409 2015 tum
1440 1974 1484 2014 in
1516 1989 1663 2015 nume-

210 2038 371 2080 ralibus
403 2040 506 2081 ὄκτω
539 2048 581 2082 ct
613 2041 724 2082 ε”ινινεα
753 2050 986 2096 ῃονειτιιηῑε,
1047 2042 1121 2083 alii
1161 2041 1286 2083 ctiam
1326 2041 1369 2082 in
1408 2045 1490 2088 ἔςτε
1520 2042 1572 2082 ab
1604 2041 1661 2089 ἐς.

210 2105 430 2147 Interdum
462 2123 586 2165 asper
616 2125 638 2150 c
669 2109 879 2165 digamma
920 2111 1056 2151 factus
1096 2117 1187 2162 cst,
1234 2117 1279 2149 ut
1319 2109 1431 2167 apud
1461 2108 1663 2151 Heracle·

209 2188 334 2214 enses
365 2174 406 2214 in
440 2179 566 2228 ἔργω,
601 2181 691 2224 ἴσος
722 2177 812 2218 (uhi
835 2178 1063 2219 fluctuabat
1092 2168 1383 2234 pronuntiatio
1414 2177 1526 2218 iuter
1545 2192 1663 2234 aspe-

209 2255 302 2280 rum
336 2249 376 2281 ct
410 2242 567 2295 lenem)
611 2252 652 2286 ct
681 2247 967 2299 πεινταὲτηρίς,
1016 2261 1146 2302 quum
1188 2245 1276 2292 «ι”τος
1315 2245 1525 2301 digamma
1564 2243 1662 2286 reti-

211 2307 402 2359 nuisset,
436 2319 677 2367 practerea,
709 2313 889 2370 opinor,
923 2312 966 2353 in
999 2313 1208 2360 ἐνιαυτός,
1243 2313 1298 2354 cf.
1334 2310 1374 2370 ξ.
1408 2314 1462 2366 5,
1493 2313 1534 2355 8.

873 2421 914 2474 ξ.
957 2421 996 2462 5.

750 2515 827 2545 ne
852 2514 1116 2553 digntnrna.

323 2574 363 2627 1)
423 2573 684 2627 Dorienses,
742 2576 992 2633 praesertim
1024 2577 1247 2629 Lacones,
1307 2575 1517 2632 digamma
1559 2591 1658 2617 usos
1753 2576 1759 2601 ⁸

208 2655 301 2679 csse
346 2647 387 2680 ct
427 2643 691 2697 grammatici
737 2651 947 2684 testantur
972 2649 1001 2687 ¹)
1043 2653 1085 2687 ct
1126 2643 1280 2702 reliqui
1323 2644 1463 2685 fontes
1506 2643 1657 2686 coufir-
1752 2646 1761 2678 Γ

1752 2724 1754 2753 ἵ

258 2791 289 2828 t)
343 2790 396 2823 Dc
425 2791 670 2828 Doriensibus
695 2796 839 2840 Tryph.
874 2799 963 2830 παθ.
992 2799 1042 2835 Ze}
1089 2799 1104 2840 ξ
1149 2800 1206 2833 u,
1255 2795 1302 2831 dc
1327 2796 1534 2831 Laconibus
1558 2795 1654 2830 idem
