1779 3079
117 202 252 261 §.22
291 202 364 248 De
390 200 494 247 aliis
519 201 640 264 long.
669 199 819 245 vocal.
847 206 892 243 et
917 195 1186 260 diphthong.
1217 204 1380 242 mutat.
1455 193 1550 243 185

115 339 185 381 24.
247 338 502 396 Quanquam
533 336 647 378 enim
685 352 700 375 ι
731 334 775 374 in
803 334 883 374 hoe
913 332 1186 387 conjunctivo
1216 333 1346 389 vulgo
1375 331 1552 388 corripi-

117 413 210 459 tur,
253 406 448 463 analogia
480 413 620 446 tamen
651 401 794 460 potius
834 416 867 440 ει
896 401 1106 456 postulat,
1151 401 1237 442 vid.
1270 415 1378 458 quae
1409 399 1551 456 dispu-

116 474 298 517 tavimus
340 474 389 515 de
432 473 604 528 conjug.
649 471 691 510 in
731 486 774 521 μι
817 473 857 520 ξ.
890 468 931 509 9.
1003 467 1307 524 Antiquiorem
1345 467 1553 508 Doridem

117 541 329 582 mitiorem
359 542 498 594 χείλιοι
526 536 783 596 protulisse,
815 551 862 576 ea
894 535 1046 576 docere
1076 534 1300 587 videntur,
1332 551 1440 592 quae
1467 534 1553 575 dis-

116 608 356 665 putavimus
387 607 440 648 L.
474 606 493 647 l
523 605 562 658 ξ.
597 605 623 647 8
654 610 742 644 not.
777 603 830 645 30
859 609 900 643 et
929 602 971 642 ΙΙ
1001 602 1040 654 ἓ.
1073 603 1143 651 20,
1175 602 1216 643 6.
1277 605 1338 643 At
1367 603 1411 643 in
1441 602 1551 643 The-

118 691 216 717 raeo
245 675 354 718 2448
384 682 425 715 et
455 673 550 714 aliis
592 687 677 713 non
717 669 1033 728 antiquioribus
1078 671 1197 723 χίλιοι
1236 670 1421 726 legitur,
1467 669 1552 710 vid.

116 744 157 796 ξ.
192 743 258 784 34.
290 767 344 774 -—-
400 741 442 782 A
471 740 654 797 genuina
685 738 851 780 Doride
882 738 1020 779 aliena
1052 745 1175 790 sunt,
1207 753 1314 794 quae
1345 737 1389 777 in
1420 737 1558 778 titulis

116 808 424 851 recentissimis
465 817 560 866 post
599 814 784 849 nostram
826 821 963 847 aeram
1007 805 1178 862 scriptis
1219 821 1314 846 cum
1354 821 1388 845 ει
1428 820 1503 860 pro
1544 823 1557 844 ι

115 877 410 934 reperiuntur,
457 882 501 917 ut
531 876 576 916 in
606 875 788 932 Byzant.
820 873 932 916 2060
959 872 1292 926 Ὀλβιοπολείτας
1312 903 1324 925 ,
1356 875 1556 921 πολειτᾶν,

114 945 254 997 τειμά,
298 948 511 997 τειμᾶσαι,
554 943 598 984 in
630 943 789 999 Delph.
828 942 953 994 1709,
984 941 1010 982 b
1042 941 1155 992 τειμά
1183 948 1224 982 et
1252 939 1556 992 Νεικοστράτα,

117 1013 226 1066 εἱρός
252 1028 330 1070 pro
361 1011 490 1064 ἱερεύς
519 1011 721 1052 Ambrae.
757 1011 889 1063 1798,
931 1008 1157 1062 γειικόμειιος
1189 1009 1359 1066 Anaph.
1392 1009 1446 1060 2,
1479 1009 1559 1047 ἐπι-

116 1081 334 1131 τειμεόντες
366 1080 501 1121 Phoe.
535 1080 586 1121 81
618 1078 674 1120 R.
709 1085 818 1131 ete.,
869 1093 1001 1135 quum
1042 1076 1085 1117 in
1118 1077 1319 1117 omnibus
1349 1074 1560 1133 antiquio-

116 1148 237 1189 ribus
268 1155 511 1189 constanter
541 1147 697 1203 seripta
727 1146 814 1186 sint
842 1146 1031 1193 πολίτας,
1065 1143 1181 1195 τιμά,
1217 1146 1305 1183 νίκα
1336 1151 1415 1185 ete.
1475 1142 1561 1184 Eo-

117 1216 210 1256 dem
243 1215 496 1272 pertinuerit
526 1215 719 1268 ἐᾉρειᾳναυ
751 1213 794 1254 in
827 1228 1034 1254 marmore
1066 1212 1329 1253 Farnesiano

226 1281 274 1337 4)
336 1300 366 1322 ω
396 1298 473 1339 pro
504 1300 552 1323 αυ
582 1282 789 1324 Doricum
822 1297 915 1322 esse
941 1280 1103 1324 dicitur
1143 1279 1184 1319 in
1219 1275 1352 1326 οἷλαξ
1382 1295 1458 1336 pro
1490 1275 1563 1318 αὗ-

118 1354 189 1398 aa}
225 1350 291 1391 Et.
325 1350 385 1392 Μ.
419 1351 526 1403 625,
561 1350 614 1392 38
654 1357 694 1391 et
733 1349 776 1390 in
810 1348 914 1396 Ζεῦς
942 1348 1005 1403 (Ἰ)
1038 1346 1363 1393 Καππώτας,
1405 1345 1563 1402 lapidis

117 1418 339 1474 eujusdam
362 1418 666 1476 appellatione,
693 1433 802 1475 quae
826 1416 1060 1458 secuudum
1079 1414 1337 1455 Pausaniam
1357 1414 1422 1454 III
1450 1429 1487 1454 e.
1508 1413 1564 1456 20

121 1485 223 1526 κατὰ
254 1489 441 1538 γλῶσσαν
470 1484 542 1535 τήν
574 1488 747 1538 Δωρίδα
778 1502 798 1526 a
829 1484 1075 1524 παύσασθαι
1106 1481 1343 1524 deseendit.

232 1553 377 1607 Quum
407 1554 648 1595 Dorienses
694 1570 723 1592 ω
765 1554 807 1593 in
841 1570 879 1593 οι
910 1558 1073 1592 mutare
1102 1550 1328 1590 traduntur
1350 1553 1383 1597 ¹)
1426 1548 1469 1588 in
1499 1564 1565 1602 1⁶-

120 1623 229 1671 λοιίἠ
263 1637 339 1678 pro
370 1621 543 1675 χελώνη,
577 1620 738 1661 recenti
771 1636 911 1661 errore
943 1618 1050 1660 illud
1079 1633 1155 1674 pro
1185 1616 1326 1671 χελὺιή
1360 1618 1565 1673 seriptum

121 1689 316 1740 videtur,
350 1689 466 1745 quod
495 1688 709 1729 Aeolihus
739 1687 937 1728 tribuunt
966 1685 1053 1727 vid.
1088 1685 1106 1726 I
1137 1685 1177 1738 ξ.
1206 1685 1282 1737 15,
1317 1684 1366 1737 5,
1398 1691 1438 1724 et
1467 1688 1564 1724 Λω-

123 1757 223 1809 ριεῖς
255 1771 331 1813 pro
362 1756 542 1802 Αἰολεῖς.

237 1823 279 1874 5)
328 1822 395 1863 De
429 1822 693 1879 diphthongo
724 1838 756 1862 ει
776 1820 935 1862 Dorice
967 1821 1009 1861 iu
1043 1839 1084 1861 αι
1114 1827 1272 1861 mutata
1304 1818 1566 1875 grammatici

126 1890 374 1948 saepissime
404 1897 627 1932 testantur.
689 1890 773 1941 At,
821 1897 866 1929 ut
897 1888 1166 1940 omittamus,
1213 1903 1321 1944 quae
1362 1886 1566 1942 etymolo-

125 1959 289 2015 giarum
321 1973 488 1998 suarum
519 1973 642 1998 eausa
674 1957 784 1999 male
814 1957 1027 1998 finxerunt
1048 1956 1085 2011 2)
1117 1963 1157 1997 et
1187 1971 1294 2013 quae
1327 1972 1368 1994 αι
1400 1954 1466 1996 vel
1491 1970 1568 2010 po-

122 2026 209 2067 tius
250 2043 274 2077 ᾳ
313 2042 390 2083 pro
430 2024 591 2066 Ionicis
633 2043 675 2075 ηι
713 2025 780 2067 vel
822 2044 843 2081 ῃ
886 2024 1025 2081 posita
1066 2024 1250 2076 habent,
1311 2021 1570 2079 paucissima

128 2093 333 2151 quaedam
362 2101 609 2146 remanent,
658 2108 765 2150 quae
796 2092 941 2150 aliquo
967 2093 1066 2148 jure
1098 2108 1147 2134 eo
1178 2090 1329 2132 referri
1358 2090 1540 2147 possint.

241 2162 294 2200 al
322 2168 362 2201 et
392 2162 511 2201 αἴθε
541 2177 618 2218 pro
647 2164 683 2202 εἰ
708 2167 748 2202 et
778 2162 862 2201 εἴθε
883 2159 949 2214 3),
981 2160 1066 2200 vid.
1100 2159 1140 2212 ξ.
1174 2159 1243 2200 45.

177 2369 209 2406 1)
259 2366 316 2399 Et.
346 2364 389 2398 G·
420 2365 506 2406 263,
532 2366 588 2399 49.
638 2366 776 2411 Δωριεῖς
810 2364 849 2397 τὸ
887 2367 912 2397 ὦ
944 2364 986 2402 εἷς
1020 2363 1083 2409 τὴν
1112 2365 1151 2399 ἷῖῖ
1182 2365 1369 2406 δίφθογγον
1391 2364 1567 2409 τρέπουσι·

128 2423 166 2457 τὸ
191 2422 258 2468 γὰρ
281 2421 408 2465 χελώνη
431 2420 562 2465 ydolum,
587 2420 737 2464 Ze'yomn·
769 2421 857 2455 οὕτω
881 2424 936 2455 καὶ
959 2421 999 2455 τὸ
1025 2422 1122 2466 avim]
1147 2423 1258 2465 θοίνη.

174 2483 210 2523 2)
259 2480 397 2513 Dorica
425 2480 492 2513 hac
518 2480 715 2513 mutatione
739 2479 885 2522 Αἰγαῖον
908 2482 1054 2522 πέλαγος
1084 2480 1129 2512 ab
1154 2479 1278 2520 αἴγειον
1302 2478 1448 2512 ducitur
1473 2478 1567 2511 Ann.

129 2541 228 2573 Oxx.
256 2538 291 2578 1,
324 2540 398 2579 127,
424 2540 468 2578 9,
494 2537 553 2570 Et.
585 2537 635 2570 Μ.
662 2539 718 2579 28,
744 2540 807 2580 35,
831 2538 887 2571 Et.
917 2538 961 2571 G.
992 2540 1068 2578 197,
1096 2539 1158 2579 213
1195 2537 1280 2569 item
1306 2535 1398 2572 αἰνός
1420 2546 1440 2568 a
1465 2535 1569 2573 δεινός

129 2597 324 2630 secundum
351 2594 583 2628 Heraclidem
609 2605 666 2639 ap.
694 2594 856 2628 Eustath.
888 2596 994 2637 1648,
1019 2596 1049 2628 5.

176 2657 211 2695 3)
260 2652 443 2686 Priscian.
483 2652 519 2685 ΙΙ
554 2663 588 2696 p.
617 2654 684 2693 91,
724 2654 815 2686 Ami.
842 2652 960 2685 Bekk.
986 2653 1073 2692 946,
1099 2653 1141 2693 5,
1176 2650 1233 2683 Et.
1264 2650 1316 2683 M.
1355 2652 1420 2691 33,
1445 2652 1488 2684 55
1525 2669 1566 2674 —

132 2711 217 2749 356,
241 2713 262 2745 S
296 2730 337 2735 —
371 2712 458 2751 385,
483 2712 547 2751 30,
587 2709 644 2743 Et.
672 2709 715 2743 G.
746 2711 806 2749 16,
832 2711 875 2744 53
909 2730 944 2736 -
988 2711 1047 2749 17,
1076 2709 1119 2742 24
1147 2726 1188 2732 -
1225 2707 1311 2748 162,
1339 2708 1381 2741 13
1408 2723 1448 2729 —
1489 2709 1565 2747 163,

132 2767 174 2802 48
197 2775 264 2802 etc.
