1779 3079
93 232 133 291 δ.
152 234 231 283 50.
269 235 344 282 De
360 231 559 281 Doridis
578 248 811 297 generum
836 240 881 278 et
904 230 1175 294 specierum
1192 230 1394 298 origine.
1435 233 1534 282 423

726 414 768 467 ξ.
814 413 882 455 50.

216 526 296 558 lle
319 523 520 558 Doridis
546 534 788 566 generunt
812 525 862 556 et
887 526 1163 564 special-uun
1190 526 1398 566 origine.

194 643 238 694 ’1)
298 640 567 683 Concentum
597 656 693 682 cum
726 639 872 680 Attica
900 638 1078 696 lingua,
1110 655 1192 696 qua
1220 640 1368 683 mitius
1397 640 1526 683 Dori-

79 709 147 752 dis
179 726 317 767 genus
345 725 368 750 a
400 708 615 751 severiore
650 707 958 764 distinguitur,
1004 722 1091 748 non
1129 707 1315 749 recentis
1345 708 1527 767 originis

79 794 176 820 esse
204 792 344 835 neque
375 776 416 818 ei
446 776 662 833 potentiae
705 776 880 828 deberi,
921 791 1047 833 quam
1087 774 1421 817 Atheniensium
1462 777 1526 818 in-

79 845 253 904 genium
293 843 432 902 magis
471 845 697 902 magisque
737 844 782 885 in
822 843 1015 901 reliquos
1056 842 1244 884 Graecos
1283 844 1526 899 exercebat,

78 930 207 972 supra
225 916 266 967 ξ.
290 913 345 956 20
367 920 408 953 et
424 912 479 955 25
511 911 614 954 satis
633 912 973 954 demonstratum
1003 918 1083 953 est.
1141 910 1293 953 Restat
1323 919 1369 953 ut
1398 928 1527 969 quae-

76 998 247 1033 ramus,
279 997 364 1039 quo
384 987 575 1037 tempore
596 980 672 1022 illa
692 980 873 1023 Doridis
897 980 1052 1021 divisio
1078 986 1176 1020 nata
1198 994 1295 1021 csse
1313 979 1522 1022 videatur.

78 1049 272 1090 Primum
312 1065 336 1090 a
374 1048 613 1090 recentiore
655 1056 696 1089 et
726 1048 968 1106 cognitiorc
999 1054 1134 1089 aetate
1164 1047 1217 1088 ad
1245 1047 1526 1090 vetustiorem

74 1125 116 1159 et
145 1116 439 1159 obscuriorem
471 1116 808 1158 escendentibus
841 1123 1070 1173 utrumque
1100 1115 1280 1157 Doridis
1312 1132 1449 1174 genus
1479 1116 1526 1157 in

74 1184 437 1242 inscriptionibus
466 1192 664 1241 apparet,
699 1200 753 1226 ex
783 1200 869 1243 quo
900 1183 1161 1241 diphthongi
1192 1199 1250 1233 ει,
1285 1201 1331 1224 ου
1362 1190 1404 1225 ct
1432 1184 1526 1225 lon—

75 1268 155 1310 gae
190 1252 362 1294 vocales
405 1270 456 1302 η,
507 1269 563 1301 ω,
622 1268 709 1309 quo
749 1251 794 1292 in
838 1252 935 1293 loco
974 1251 1279 1307 gravissimum
1319 1267 1525 1309 generum

35 1341 37 1356 ι
74 1320 308 1363 discrimen
347 1320 537 1378 positum
577 1328 671 1373 cst,
721 1318 932 1377 scriptura
962 1319 1174 1377 distingui
1205 1327 1379 1377 coeptae
1409 1328 1525 1361 sunt.

74 1386 421 1446 Antiquissimus
454 1387 633 1442 titulus,
676 1389 720 1428 in
751 1402 838 1445 quo
869 1387 1016 1428 mitius
1048 1402 1186 1444 genus
1217 1387 1430 1441 cernitur,
1462 1395 1528 1429 est

73 1456 290 1499 decretum
319 1455 689 1513 Amphictyonum
719 1471 786 1496 nr.
821 1454 955 1509 1688,
989 1455 1105 1512 quod
1137 1454 1210 1496 Ol.
1236 1455 1333 1509 100,
1367 1456 1388 1497 1
1423 1456 1527 1497 scri—

72 1532 194 1582 ptum
235 1530 329 1578 est,
375 1524 567 1566 severius
605 1524 651 1564 in
690 1523 829 1566 titulis
862 1523 1047 1565 Creticis
1091 1531 1132 1564 et
1163 1523 1417 1580 Cyrenaicis
1457 1524 1526 1565 vel

73 1599 171 1650 post
198 1599 387 1634 nostram
417 1608 556 1633 aeram
603 1591 897 1649 conspicitur,
942 1590 1197 1647 vulgaribus
1238 1590 1389 1632 formis
1429 1606 1525 1632 raro

72 1659 350 1702 intermixtis.
413 1659 644 1713 Quomodo
673 1660 833 1701 factum
865 1659 946 1713 sit,
980 1667 1027 1700 ut
1055 1659 1100 1699 in
1123 1657 1354 1700 Laconicis
1385 1657 1526 1699 titulis

73 1734 174 1785 post
202 1743 240 1769 a.
266 1727 350 1770 200
378 1727 528 1769 mitius
560 1743 697 1785 genus
729 1743 898 1768 omnem
930 1726 1235 1784 proprietatem
1262 1726 1526 1767 Laconicam

75 1794 341 1853 propulerit,
386 1811 515 1852 supra
552 1798 593 1848 ξ.
626 1795 707 1846 48,
739 1796 766 1836 2
805 1794 1022 1851 explicare
1053 1794 1197 1836 conati
1229 1809 1396 1835 sumus.
1473 1794 1524 1834 In

77 1863 327 1905 universum
356 1869 472 1904 tanta
504 1870 569 1905 est
599 1877 806 1920 generum
841 1878 947 1904 usus
968 1862 1209 1904 constantia
1240 1861 1284 1901 in
1310 1860 1526 1902 variorum

75 1931 333 1988 populorum
363 1929 624 1973 Doricorum
655 1930 1048 1987 inscriptionibus,
1096 1937 1144 1971 ut
1172 1930 1242 1971 vel
1270 1929 1373 1970 hinc
1402 1928 1527 1970 intel-

75 1998 261 2056 ligatur,
292 1998 412 2040 illam
444 1999 703 2040 divisionem
736 1999 873 2040 multo
903 1997 1189 2055 antiquiorem
1222 2013 1332 2039 0550.
1408 1997 1529 2039 Idem

77 2065 234 2108 docent
262 2070 413 2123 po'ctae
431 2067 610 2120 Dorici,
642 2066 719 2124 qui
750 2082 803 2107 cx
835 2066 891 2107 iis
922 2065 1169 2108 civitatibus
1200 2065 1393 2120 oriundi,
1425 2081 1528 2122 qua-

77 2149 173 2175 rum
212 2133 521 2191 inscriptiones
560 2134 778 2177 mitiorem
816 2134 1027 2177 Doridem
1068 2133 1301 2192 praebent,
1348 2150 1396 2175 ea
1435 2134 1530 2190 ipsa

78 2201 231 2259 quinto
261 2202 435 2244 sacculo
465 2203 535 2244 usi
564 2211 688 2252 sunt,
734 2202 1024 2260 Epicharmus
1064 2209 1105 2244 ct
1135 2202 1337 2261 Sophron
1369 2200 1529 2252 Siculi,

75 2268 339 2311 Timocreon
368 2268 595 2325 Rhodius,
641 2270 797 2313 deinde
834 2270 1151 2328 Aristophanes
1192 2272 1237 2312 in
1277 2270 1531 2311 Acharneu-

77 2336 199 2378 sibus
230 2335 495 2394 Megaricam
527 2337 757 2380 dialectum
788 2338 1009 2391 imitatus,
1052 2354 1180 2397 quem
1209 2353 1264 2379 110
1295 2335 1532 2394 suspiceris

74 2405 156 2445 hoc
186 2404 232 2444 in
262 2405 359 2447 loco
378 2404 525 2446 Attica
553 2413 711 2448 temere
739 2406 1057 2456 immiscuisse,
1091 2404 1334 2446 Laconicae
1358 2404 1532 2446 dialecti

78 2470 124 2512 in
164 2472 405 2529 Lysistrata
444 2471 727 2515 imitationem
769 2481 1029 2531 comparato.
1109 2473 1182 2514 Ad
1223 2472 1533 2530 Epicharmum

80 2547 123 2580 et
153 2538 424 2597 Sophronem
455 2541 684 2582 retulimus
721 2542 977 2598 gravissima
1007 2541 1382 2599 grammaticorum
1413 2540 1532 2581 testi-

80 2607 226 2649 monia
255 2607 308 2650 de
331 2607 607 2666 Syracusano
627 2612 787 2650 Μοῦσα
816 2618 858 2652 et
886 2609 1133 2667 antiquiore
1163 2608 1327 2650 Dorico
1359 2609 1415 2656 εἷς
1444 2607 1529 2649 vid.

81 2674 123 2726 ἓ.
145 2674 224 2728 20,
259 2676 326 2718 12.
358 2703 412 2707 —
455 2675 581 2717 Ultra
610 2676 807 2733 quintum
837 2678 1057 2720 saeculum
1088 2675 1316 2718 Alemanis
1346 2675 1532 2717 carmina

84 2741 339 2786 severiorem
381 2743 592 2786 Doridem
633 2744 861 2799 exhibent,
915 2745 991 2787 sed
1037 2760 1127 2786 eam
1168 2744 1313 2785 minus
1355 2757 1531 2798 puramz
