1779 3079
147 220 187 279 §.
206 221 284 267 22.
330 221 403 266 De
430 219 535 266 aliis
560 221 681 282 long.
711 220 859 265 vocal.
888 227 929 263 et
955 217 1224 281 diphthong.
1252 226 1418 263 mutat.
1492 216 1588 265 189

150 364 259 398 mate
290 356 482 414 Lycurgi
511 357 631 398 Plut.
665 356 772 412 Lyc.
818 368 855 394 c.
894 354 986 404 19),
1033 355 1111 394 hoc
1143 343 1517 410 apud'Pintlarum
1550 360 1589 393 et

151 424 429 466 Theocritum
460 433 501 465 et
531 424 704 465 eosdem
734 422 1053 477 Pythagoreos,
1087 429 1132 460 ut
1155 420 1276 462 Stob.
1302 420 1421 462 Flor.
1455 421 1490 474 l,
1518 422 1586 462 75.

151 491 331 545 XLIII,
366 493 470 544 134,
504 491 575 532 ubi
607 490 847 548 promiscue
879 488 1070 540 κάρῥων,
1104 488 1217 543 quod
1249 503 1398 529 vereor
1426 505 1478 529 nc
1507 506 1590 531 me—

152 560 259 601 liore
285 560 383 614 jure
412 558 619 599 Doricum
656 557 888 604 habeatur,
919 554 1006 595 vid.
1040 556 1079 606 Q.
1119 555 1193 605 13,
1225 555 1275 607 4,
1308 571 1439 612 quum
1471 559 1592 610 ²950*-

155 643 238 667 σων
269 643 353 667 non
384 624 620 682 reperiatur
652 624 736 664 nisi
776 623 820 664 in
851 621 1044 664 sontibus
1085 621 1226 661 minus
1264 623 1408 678 puris3
1456 641 1592 682 neque

155 693 269 734 enim
309 701 422 734 recte
464 692 508 733 in
548 692 699 733 Herm.
745 692 852 733 1193
902 689 1095 731 statuarii
1135 688 1397 745 Cydoniatae
1438 709 1590 733 nomeu

154 764 461 801 A‘J’EZJAAAE
491 775 513 800 a
543 758 762 801 Boechhio
794 759 1030 811 Κρεσσίδας
1070 757 1227 798 lectum
1267 765 1308 798 et
1343 774 1365 798 a
1407 761 1590 812 κρέσσων

155 827 387 868 derivatum
420 835 512 880 est,
545 843 677 884 quum
708 842 844 884 nuper
867 825 1114 866 Meinehins
1144 824 1187 865 in
1208 826 1499 882 Anthologiae
1526 828 1594 868 ‹le-

155 896 268 936 lectu
288 899 604 935 ΚΡΕΣΙΛΛΣ
628 894 657 934 i.
675 911 711 935 e.
736 895 949 947 Κρησίλας
979 893 1284 950 corrigendum
1315 909 1410 934 esse
1438 895 1615 954 optime¹

156 962 432 1003 intellexerit.
509 961 709 1003 Ceterum
749 968 920 1018 apparet
956 960 1040 1001 iota
1081 960 1124 1001 in
1154 963 1297 1013 μείζων
1327 968 1368 1002 et
1400 963 1600 1015 κρείσσων

157 1037 199 1081 (e
230 1031 371 1083 μεγίων
402 1037 443 1069 et
472 1031 654 1083 κρετίων)
692 1028 904 1070 recentius
936 1028 1125 1069 additum
1158 1044 1266 1070 esse.

270 1099 314 1148 7)
374 1097 408 1138 E
456 1097 666 1138 contrario
708 1097 791 1137 iota
823 1096 1046 1137 vocalibus
1075 1103 1170 1137 ante
1201 1105 1449 1153 sequentem
1481 1113 1600 1139 voca-

154 1167 244 1225 lem
274 1165 494 1217 additum,
538 1172 583 1205 ut
613 1164 925 1221 diphthongum
957 1164 1132 1213 efficiat,
1180 1164 1223 1204 in
1255 1165 1376 1205 πνοιά
1407 1166 1510 1223 (quo
1541 1180 1604 1206 se-

163 1235 245 1275 mel
285 1233 501 1274 Pindarus
548 1231 679 1272 utitur
723 1231 795 1272 Ol.
838 1230 925 1279 III,
968 1231 1045 1283 33,
1093 1231 1167 1288 qui
1208 1240 1422 1289 praeterea
1464 1231 1602 1282 πνυά),

162 1300 284 1356 χροιά
325 1309 365 1341 et
395 1298 610 1340 similibus
641 1298 921 1339 Doriensium
953 1314 1048 1339 esse
1079 1298 1235 1340 dicitur
1264 1317 1286 1341 a
1318 1300 1528 1356 Gregorio
1549 1300 1605 1353 7),

163 1368 234 1410 cui
264 1385 349 1410 non
380 1368 559 1409 multum
591 1366 883 1418 crederemus,
925 1365 1011 1407 nisi
1042 1367 1086 1407 in
1118 1368 1318 1425 Astypal.
1348 1369 1458 1411 2483
1493 1367 1610 1409 mou}

163 1438 408 1493 legeretur,
453 1450 698 1492 quanquam
738 1434 781 1475 in
815 1433 949 1474 Ther.
981 1434 1092 1476 2448
1131 1443 1196 1477 est
1227 1435 1341 1476 στοά.
1419 1436 1533 1477 Eine
1564 1436 1606 1476 in

165 1506 356 1546 Acbarn.
387 1502 469 1544 757
488 1533 500 1554 ,
546 1502 621 1542 ubi
651 1502 860 1543 librorum
890 1501 1117 1543 lectionem
1149 1502 1438 1560 κὰναχνοανθῇ
1469 1504 1609 1545 Elms-

167 1572 290 1627 leyus
330 1570 374 1610 in
416 1568 715 1625 κὰναχνωανθῇ
746 1569 948 1622 mutavit,
998 1570 1141 1626 potius
1172 1570 1477 1628 κάναχνοιανθῇ
1509 1571 1610 1612 scri-

169 1639 354 1680 bendum
398 1653 494 1678 esse
534 1636 718 1678 videtur.
794 1636 880 1678 Pro
917 1637 1066 1678 Attico
1109 1637 1206 1677 ἐλάα
1247 1638 1438 1696 vulgaris
1480 1639 1613 1680 forma

170 1707 282 1749 ἐλαία
314 1705 474 1761 ubique
505 1712 570 1745 est
599 1703 643 1744 in
677 1703 849 1745 Heracl.

283 1773 461 1829 Longae
492 1771 629 1812 vocali
660 1771 744 1812 iota
774 1771 963 1812 additum
1003 1780 1066 1812 est
1106 1772 1150 1812 in
1190 1776 1291 1824 ζῷον
1320 1773 1453 1814 Ther.
1486 1774 1611 1815 2448.

173 1841 220 1889 l,
255 1841 329 1892 12,
370 1855 478 1897 quae
509 1839 717 1897 scriptura
749 1839 873 1880 etiam
907 1839 950 1879 in
982 1839 1106 1880 bonis
1138 1840 1360 1881 codicibus
1387 1840 1614 1896 reperitur,

172 1907 258 1948 vid.
291 1907 396 1947 Bast
444 1906 586 1964 Epist.
618 1922 660 1962 p.
694 1907 774 1958 82,
817 1906 991 1948 Jacobs.
1027 1906 1079 1947 ad
1108 1908 1243 1948 Anth.
1278 1909 1369 1950 Pal.
1403 1908 1467 1948 III
1499 1925 1539 1965 p.
1571 1910 1612 1950 8.

172 1975 330 2023 Rllrum
378 1983 440 2015 est
486 1974 630 2027 ἡρῴων
674 1974 781 2015 ibid.
830 1975 896 2026 11,
939 1974 977 2015 5.
1024 1975 1091 2015 14.
1133 1976 1186 2016 27
1237 1973 1403 2030 (ἡρώων
1442 1976 1614 2027 11,’12,

175 2043 311 2096 ἥρωσι
342 2042 420 2091 IV,
452 2041 522 2096 7),
568 2041 683 2098 quod
726 2058 857 2098 quum
888 2050 951 2083 ter
980 2043 1205 2098 repetitum
1237 2043 1321 2095 sit,
1366 2059 1451 2084 non
1482 2043 1616 2084 audeo

177 2126 271 2150 cum
303 2109 520 2150 Boechhio
551 2110 834 2167 corruptelam
865 2125 1126 2167 agnoscere,
1161 2111 1213 2151 cf.
1245 2127 1353 2168 quae
1384 2111 1618 2168 disputabi-

179 2192 271 2217 mus
302 2176 342 2228 ξ.
375 2177 443 2217 31.
488 2201 539 2205 -
597 2178 714 2219 Ante
754 2193 982 2218 consonam
1026 2177 1107 2218 iota
1149 2177 1339 2218 additum
1370 2187 1434 2219 est
1464 2179 1505 2219 in
1541 2195 1619 2231 σῳ-

180 2243 326 2295 ζόμενα
359 2243 463 2284 ibid.
498 2245 542 2297 l,
575 2245 630 2297 8,
663 2243 941 2296 κατεσῴξαμες
974 2245 1143 2285 Heracl.
1177 2246 1240 2293 ΙΙ,
1277 2245 1354 2298 30,
1387 2246 1620 2297 κατεσῴσα-

180 2327 250 2364 μες
282 2311 332 2353 Β.
363 2310 432 2351 47.
466 2311 511 2362 l,
542 2310 568 2350 3
598 2312 729 2361 (unde
760 2313 1024 2354 correximus
1058 2316 1192 2353 σῶσαι
1222 2311 1376 2370 Sophr.
1411 2314 1505 2361 27),
1550 2314 1619 2353 (le-

182 2378 282 2419 inde
323 2377 434 2434 apud
474 2377 671 2419 Lacones
712 2377 945 2428 ἇπέσοιξεν,
996 2379 1181 2421 ἀπέσωσε
1217 2381 1449 2421 secundum
1480 2381 1619 2437 Hesy-

182 2445 352 2498 chium,
383 2446 614 2493 Σοιξιτέ).ης
643 2444 685 2485 iu
717 2447 959 2489 recentibus
989 2447 1125 2489 titulis
1147 2447 1376 2489 Laconicis
1408 2464 1469 2488 nr.
1499 2449 1617 2490 1271.

230 2571 264 2605 7)
314 2567 378 2600 Gr.
406 2566 443 2600 C.
469 2567 548 2600 220.
595 2565 633 2597 τὸ
669 2564 883 2597 ἐπεντιθέναο
913 2562 953 2598 τὸ
981 2564 1001 2596 ἶ
1033 2567 1080 2607 τῷ
1112 2567 1132 2597 ὅ
1161 2567 1227 2596 τῶν
1257 2564 1411 2609 Δωριέων
1445 2564 1513 2598 ἐστὶ
1542 2577 1619 2599 cum

184 2624 366 2669 exemplis
394 2623 495 2656 πιόιςί
522 2635 541 2657 e
566 2622 749 2665 Pindaro,
784 2621 906 2665 χροιά,
940 2620 1037 2662 ψοιά,
1072 2620 1167 2665 ῥοιά,
1203 2621 1306 2659 ποιοί,
1340 2621 1386 2655 cf.
1411 2619 1550 2655 Scholl.
1576 2624 1618 2658 ΙΙ.

182 2695 222 2723 γ,
248 2682 315 2716 236
349 2689 384 2714 et
408 2681 466 2714 Et.
496 2681 546 2713 M.
572 2681 658 2721 289,
690 2682 748 2720 16,
786 2680 847 2721 qui
875 2680 953 2712 δοιώ
979 2679 1155 2712 Doricum
1183 2679 1436 2722 praedicantes
1460 2679 1619 2715 addunt:

185 2738 217 2772 οἱ
239 2738 306 2784 γὰρ
331 2740 470 2783 Δωριεῖς
501 2736 563 2782 τὴν
595 2738 628 2769 ἐν
660 2740 730 2773 τοῖς
763 2735 907 2780 ῥήμασιν
937 2735 1122 2778 ἀναλογίαν
1154 2736 1376 2774 φυλάττοντες
1409 2738 1462 2769 καὶ
1497 2738 1529 2771 ἔν
1552 2744 1622 2777 τοῖς

184 2794 323 2835 ὀνόμασι
347 2794 569 2829 πλιονάῖοινσι
592 2793 632 2828 τὸ
653 2796 683 2828 ἲ.
