1779 3079
372 133 412 193 §.
444 136 524 184 42.
572 136 646 182 De
674 133 1010 199 conjugatione
1035 135 1270 182 anomala.
1447 136 1542 184 337

742 285 784 338 ξ.
826 285 896 327 42.

445 379 526 409 De
559 378 917 418 conjugatione
946 377 1200 409 anomala.

212 457 510 514 Congeremus
558 457 603 498 in
646 458 760 498 hunc
798 456 941 499 locum
960 487 971 509 ,
1028 465 1074 497 ut
1126 457 1393 498 consuetudo
1446 457 1544 509 fert,

96 541 382 584 quaecunque
435 524 597 580 regulis
652 540 780 581 supra
829 523 1063 582 propositis
1107 539 1192 564 non
1238 525 1546 582 comprehensa

98 600 228 646 sunt,
288 594 369 634 alia
411 592 455 632 in
498 591 746 633 memoriam
783 591 1108 642 revocabimus,
1165 593 1379 633 nonnulla
1418 592 1547 633 verba

96 660 386 702 Doriensibus
418 659 589 716 propria
619 659 858 701 accuratius
888 656 1260 716 pertractabimus.
1332 658 1547 700 Fontibus

95 728 237 769 minus
267 727 386 786 puris
418 726 668 768 cautissime
698 734 898 780 utemur,
932 726 1033 784 quia
1064 724 1178 782 apud
1207 724 1368 782 lyricos
1399 734 1440 766 et
1469 726 1546 767 hu-

96 795 257 836 colicos
276 825 288 847 ,
333 793 447 852 apud
479 794 1000 853 Pseudo-Pythagoreos
1033 801 1074 835 ct
1104 792 1210 834 adeo
1240 792 1549 834 Archimedem

95 862 310 920 plurima,
358 877 467 919 quac
507 863 591 903 huc
622 862 867 919 pertinent,
914 878 999 904 noni
1030 867 1215 919 possunt
1245 867 1362 902 certo
1394 860 1445 901 ad
1476 876 1547 917 ge-

95 930 269 971 nuinam
301 929 509 971 Doridem
541 930 707 972 referri.

211 1013 458 1067 ἆγγέλλω,
504 1014 610 1055 Aor.
645 1014 665 1054 I
707 1012 927 1066 οἷγγήλωιτι
968 1012 1084 1054 Cret.
1131 1013 1271 1067 2556,
1313 1013 1393 1066 43,
1438 1029 1548 1070 quae

95 1082 226 1124 lectio
257 1082 413 1123 certior
444 1081 614 1123 videtur
637 1097 763 1139 quam
782 1080 890 1122 Aor.
909 1080 953 1121 ΙΙ
982 1079 1207 1133 ἅγγέλωντι,
1243 1080 1548 1138 quemBoeck-

95 1150 194 1192 hius
225 1165 358 1190 unum
392 1149 616 1190 Pricaeum
647 1155 860 1207 sequutus
905 1147 1066 1201 edidit,
1114 1163 1360 1205 quanquam
1399 1156 1441 1190 et
1479 1149 1548 1190 hic

96 1218 141 1258 in
174 1216 434 1258 minusculis
464 1235 488 1266 η
520 1216 723 1274 praehet,
756 1215 843 1258 vid.
879 1216 921 1269 ξ.
946 1216 1018 1270 20,
1050 1216 1092 1256 4.
1154 1215 1300 1257 Futur.
1332 1214 1550 1269 ἀγγελιόντι

39 1299 43 1305 ·
94 1285 269 1327 Heracl.
302 1284 342 1337 ξ.
375 1283 456 1338 26,
492 1285 531 1326 1.
1479 1335 1481 1337 Υ

208 1367 339 1421 ἄγω,
373 1367 549 1425 lmperf.
586 1364 708 1421 ἆγον,
740 1369 912 1410 Αοι·.ΙΙ
945 1368 1122 1422 ἄγαγον,
1153 1368 1253 1409 Fut.
1289 1366 1397 1416 α’ξῶ,
1431 1366 1547 1409 Perf.

98 1435 356 1490 συναγάγοχα
386 1435 523 1476 Ther.
556 1436 683 1478 2448.
717 1436 761 1485 I,
794 1437 864 1478 28.
897 1436 957 1491 II,
993 1437 1062 1479 10.
1095 1436 1177 1488 III,
1212 1435 1263 1477 13
1295 1435 1351 1475 cf.
1384 1433 1546 1475 Buttm.

95 1503 240 1545 Lexil.
273 1503 291 1544 I
322 1519 365 1560 p.
398 1503 499 1556 297,
544 1503 619 1560 qui
649 1519 671 1544 e
704 1503 983 1561 Sigeensium
1015 1504 1184 1546 decreto
1218 1501 1399 1556 ἁγήγοχα
1429 1503 1551 1542 affert

96 1571 282 1612 Theraei
315 1570 430 1612 tituli
462 1587 547 1612 non
579 1586 766 1626 memor3
811 1572 929 1613 Perf.
963 1572 1088 1612 Pass.
1123 1567 1247 1624 ἇγμαι
1275 1568 1548 1621 Arel1in1ed.‚

95 1640 203 1680 Aor.
238 1638 258 1679 I
288 1655 327 1695 p.
363 1637 576 1692 συνάχθην
606 1647 647 1679 et
676 1639 825 1680 Futur.
858 1639 878 1680 I
908 1655 952 1695 p.
990 1640 1242 1692 σι·ιάχθησῶ
1273 1637 1407 1678 Ther.
1437 1635 1550 1677 2448

96 1706 184 1748 vid.
217 1706 259 1759 ξ.
295 1706 375 1758 35,
408 1706 449 1747 3.
484 1731 537 1736 ——
594 1707 736 1748 Aucta
766 1707 901 1748 forma
934 1706 1140 1763 quaedam
1175 1713 1239 1746 cst
1267 1703 1380 1761 apud
1409 1703 1550 1759 Hesy-

95 1774 267 1815 chium:
323 1772 530 1826 ἀγινεῖν,
580 1774 711 1826 ἄγειν·
759 1777 921 1828 Κρῆτές
957 1781 998 1814 ct
1039 1772 1300 1826 άγνησόει
1342 1771 1546 1823 (Phavor.

98 1840 299 1895 ἁγνήσοε,
333 1841 432 1882 fort.
468 1840 657 1894 ἄγικηκε),
693 1841 866 1896 ἇγήοχε·
899 1841 1117 1888 Λάκωνες.

211 1926 397 1979 αἱρέω,
445 1925 552 1966 Aor.
587 1926 607 1966 I
648 1927 879 1980 κασαίρηον
910 1924 1128 1966 Laconice
1170 1939 1250 1980 pro
1281 1923 1548 1975 καθαίρησον

97 1995 139 2048 ξ.
158 1994 202 2047 7,
227 1995 280 2046 2,
312 1995 431 2035 Perf.
466 1999 617 2047 αἴρῃ-κα
647 1993 687 2046 ξ.
712 1994 782 2046 35,
807 1995 859 2046 2,
892 1994 999 2035 Aor.
1023 1992 1042 2033 Ι
1063 2008 1105 2049 p.
1140 1992 1313 2046 αἱρέθην
1342 1989 1383 2043 ξ.
1408 1988 1479 2043 36,
1496 1990 1546 2043 83

97 2062 205 2102 Aor.
240 2061 283 2101 II
315 2061 420 2102 εἷλον
451 2062 513 2109 (in
546 2061 761 2102 severiore
791 2060 956 2102 Doride
991 2059 1089 2110 ἧλον
1116 2058 1246 2100 fuerit
1273 2058 1315 2110 ξ.
1334 2058 1406 2110 25,
1426 2055 1546 2111 Le),

101 2127 347 2170 infinitivus
391 2144 486 2169 cum
526 2129 827 2170 terminatione
867 2128 1016 2169 aoristi
1045 2127 1174 2185 primi
1206 2124 1383 2176 ἀᾳέλαιῗ
1429 2122 1545 2164 Cret.

99 2196 211 2239 2557
241 2195 329 2236 vid.
363 2195 405 2248 ξ.
438 2197 507 2246 37,
543 2197 593 2251 55
633 2197 732 2239 Fut.
769 2198 886 2237 διελῶ
915 2195 1045 2237 Ther.
1076 2194 1202 2237 2448.
1239 2192 1331 2244 vl,
1365 2190 1433 2232 19.

214 2278 410 2328 ἀκούω,
453 2280 572 2321 Pers.
608 2281 764 2322 ἄκουκα
797 2280 1035 2322 secuudum
1066 2275 1330 2336 grammatici
1359 2273 1549 2316 testimo-

100 2347 220 2388 nium
262 2347 306 2387 in
345 2348 464 2388 Ann.
510 2348 621 2388 Oxx.
665 2349 744 2401 IV,
788 2349 891 2400 188,
926 2350 979 2390 14
1024 2355 1065 2389 et
1109 2348 1153 2388 in
1195 2346 1308 2387 dicto
1347 2341 1548 2398 Agesilai

99 2415 321 2456 Plutarch.
354 2414 523 2471 Agesil.
557 2430 594 2455 c.
628 2416 703 2464 21,
737 2415 909 2457 Morall.
943 2432 986 2473 p.
1022 2416 1118 2457 191.
1149 2415 1247 2457 211.

214 2497 598 2553 (ἁλίσκωμαι),
640 2499 760 2539 Perf.
795 2499 1017 2539 ἑαλώκαντι
1047 2499 1091 2539 in
1124 2497 1304 2555 epistola
1333 2494 1550 2551 Lysandri

100 2567 320 2608 Plutarch.
362 2566 535 2608 Morall.
578 2582 620 2622 p.
654 2567 735 2607 229
775 2574 816 2606 et
857 2567 1024 2608 Scholl.
1066 2566 1198 2606 Dion.
1234 2564 1458 2619 Chrysost.
1500 2579 1543 2620 p.

103 2634 198 2676 597.
232 2633 283 2673 B.
305 2664 317 2686 ,
363 2641 508 2674 contra
551 2633 593 2673 in
635 2633 780 2674 eadem
812 2634 930 2675 Plut.
966 2632 1158 2689 Lysand.
1193 2647 1230 2672 c.
1266 2631 1318 2672 14
1349 2629 1547 2671 ἁλώκαντι

103 2707 145 2742 ct
184 2700 343 2742 ibidem
384 2701 428 2741 in
461 2700 765 2758 Spartanorum
804 2716 1011 2759 responso
1053 2698 1175 2740 infin.
1211 2696 1383 2738 ἁλώκειν
1412 2697 1468 2738 cf.
1501 2697 1541 2750 ξ.

162 2783 221 2825 ll.
1226 2782 1282 2824 :22
