1779 3079
290 194 333 252 ᾗ.
363 193 441 241 41.
496 197 570 243 De
599 194 934 260 conjugatione
965 195 1169 258 perfecti
1201 204 1246 241 et
1271 211 1370 243 aor.
1399 196 1433 241 Ι.
1492 195 1590 245 331

141 329 420 372 Theocritum
453 330 498 384 Ι,
533 330 615 373 102
645 327 823 370 ὃεὸύκειν
852 344 875 369 e
906 328 1054 370 codiee
1083 330 1121 370 P
1151 337 1193 371 et
1220 329 1475 385 Eustathio‚
1514 331 1591 389 qui

143 399 322 438 ὃεὸυκεῖν
352 399 503 455 (vulgo
535 396 715 446 ὸέὃύκει,
759 396 884 453 pauci
914 396 1016 437 libri
1048 395 1253 453 δεδὺκην).
1314 398 1416 441 Alia
1444 398 1591 439 infini-

140 464 219 507 tivi
249 466 493 508 terminatio
522 464 788 522 conspicitur
817 464 862 504 in
892 464 1053 506 tabulis
1083 465 1474 519 Ilei-aeleensibus,
1515 465 1591 507 ubi

141 532 190 585 Ι,
234 533 290 574 74
332 536 660 587 πεφυτευκῆμεν,
706 533 752 586 Ι,
793 532 875 574 107
917 536 1310 585 πεπρωγγυευκῆμεν
1353 533 1590 575 seeundum

139 600 384 657 analogiam
422 601 648 642 verborum
685 599 732 640 in
763 617 823 653 μι.
897 599 1067 641 Similis
1107 600 1243 641 forma
1284 601 1399 657 apud
1434 601 1591 643 Archi-

139 667 306 709 medem
335 668 497 724 legitur
527 668 579 709 de
609 667 738 709 Plan.
770 667 884 724 Aeq.
926 684 970 725 p.
1006 669 1033 710 8
1079 667 1182 708 ὥστε
1221 666 1270 709 τὰ
1299 668 1487 721 τμάματα
1518 669 1592 710 αύ-

136 736 211 782 τᾶς
243 734 582 788 ἀντιπεπονθεζιιεν
612 734 716 776 κατὰ
745 735 815 776 τὸν
845 734 969 776 αὐτὸν
997 734 1116 789 λόγον
1143 736 1229 783 τοῖς
1258 736 1495 790 μεγέθεσιν,
1526 737 1591 778 in-

137 809 235 859 epte
277 803 393 845 enim
431 803 477 845 in
520 803 711 846 editione
743 803 988 845 Oxoniensi
1029 802 1299 845 α’ντιπέπονθε
1328 803 1399 855 μέν
1428 804 1592 847 editum

135 877 216 912 est.
277 871 426 929 Vulgo
469 871 516 912 in
558 871 753 927 ejusdem
801 871 927 913 libris
970 871 1172 928 vulgares
1215 871 1378 912 formae
1420 876 1594 912 τετελευ-

134 938 331 989 τηκέναι,
378 940 689 980 πεπιστευκέναι
721 947 803 981 ete.
846 939 986 981 editae
1017 946 1133 980 suut.
1209 938 1490 980 Simillimum
1527 947 1594 982 est

135 1008 374 1059 προειὸἕμεν
414 1007 527 1064 apud
557 1007 794 1064 Archytam
826 1007 871 1047 in
893 1006 1100 1064 Append.
1135 1006 1257 1049 Stoh.
1287 1006 1425 1048 Gaisf.
1454 1023 1499 1065 p.
1517 1008 1590 1050 46.

135 1072 265 1126 Quod
294 1073 461 1128 γεγάμεν
490 1075 536 1116 in
569 1075 642 1116 Et.
679 1074 742 1115 Μ.
776 1075 886 1127 224,
919 1074 971 1115 53
1001 1075 1213 1117 Doricum
1242 1081 1447 1129 vocatur,
1491 1092 1593 1134 pro-

132 1149 228 1199 pter
255 1142 599 1184 terminationem
631 1159 701 1195 μεν
729 1143 890 1184 factum
920 1149 999 1183 est.

244 1211 289 1260 4)
348 1210 660 1268 Partieipii
701 1210 987 1252 masculinum
1030 1217 1073 1252 et
1115 1217 1316 1252 neutrum
1357 1228 1456 1254 eum
1496 1214 1591 1256 vul·

133 1277 226 1334 gari
256 1277 422 1320 ratione
453 1277 563 1320 nihil
586 1278 847 1336 discrepant,
879 1286 927 1319 ut
947 1277 1209 1326 ἐνεστακότος
1228 1278 1372 1321 Rhod.
1398 1280 1526 1336 2525,
1543 1282 1588 1333 b,

132 1344 326 1398 εἰρηκότα
357 1345 502 1387 Rhod.
533 1346 645 1388 2905
664 1377 676 1399 ,
721 1344 1019 1401 μεταλλαχότος
1048 1346 1182 1387 Ther.
1215 1347 1353 1398 2448,
1404 1350 1592 1390 sudabun-

130 1412 233 1454 κότα
262 1421 304 1455 et
333 1412 612 1466 πεφυτευκότα
643 1414 846 1467 He1·ael.‚
881 1413 1187 1467 συμμεμυκότα,
1220 1417 1587 1469 παρεξεστακότος,

132 1479 375 1529 ἐσκληκότες
406 1481 565 1539 Epich.
593 1482 661 1523 23.
690 1482 762 1524 94.
788 1482 892 1530 106,
925 1498 1068 1539 neque
1098 1498 1289 1540 unquam
1320 1483 1447 1526 aliter
1477 1486 1591 1542 apud

130 1548 463 1599 Archimedem,
505 1557 552 1591 ut
582 1550 634 1591 de
663 1549 808 1592 Helie.
841 1566 885 1607 p.
916 1551 1000 1592 220
1028 1550 1281 1603 μεμενακός,
1314 1551 1366 1592 de
1399 1552 1587 1596 Conoid.

130 1632 174 1674 p.
195 1617 280 1658 272
312 1615 551 1665 ἄνεστακός,
584 1633 627 1674 p.
645 1618 729 1660 289
760 1617 1032 1671 ἀνεστακότα,
1064 1618 1203 1659 Aren.
1225 1634 1271 1676 p.
1290 1619 1371 1660 331
1395 1636 1590 1661 κεκοινω-

129 1684 374 1734 wadnam,
420 1684 865 1737 μεταλελαβηκόῖεσσι,
914 1685 1293 1739 ηεᾳιρουτικότεσσι.
1354 1686 1588 1730 Pindarica

130 1750 399 1806 κεχλάδοντας
443 1760 485 1793 et
521 1753 799 1807 πεφρίκοντας
841 1753 971 1810 Pyth.
1014 1752 1223 1807 IV‚179.
1258 1754 1337 1795 183
1377 1755 1524 1811 potius
1565 1773 1588 1798 e

130 1819 345 1861 Lesbiaea
375 1819 559 1860 dialecto
587 1820 725 1877 repeti
754 1827 922 1877 oportet
952 1836 1078 1878 quam
1112 1836 1135 1861 e
1163 1821 1327 1862 Dorica
1354 1821 1443 1863 vid.
1476 1823 1532 1865 L.
1566 1825 1588 1866 I

131 1887 173 1940 ξ.
193 1888 266 1942 27,
285 1888 326 1929 2.
374 1887 571 1928 Pessime
602 1903 625 1928 a
657 1887 919 1944 quibusdam
949 1887 1221 1930 ἐκλελάθουτα
1249 1889 1440 1931 Theoer.
1468 1891 1507 1945 Ι,
1532 1891 1586 1934 63

130 1954 184 1997 ad
212 1956 450 2013 perfeetum
482 1955 664 1997 relatum
695 1962 774 1997 est.

242 2023 519 2065 Femininum
560 2023 674 2080 apud
717 2023 952 2082 plerosque
992 2025 1276 2068 Doriensium
1320 2028 1586 2070 terminatio-

129 2106 230 2133 nem
268 2093 332 2130 εἶα
370 2091 555 2132 habebat
585 2107 662 2148 pro
691 2093 787 2142 υἷα,
838 2094 966 2149 eujus
1005 2094 1180 2150 generis
1222 2111 1339 2136 nune
1378 2097 1589 2154 leguntur

131 2159 322 2214 ἐρρηγεῒα
352 2158 528 2200 Herael.
562 2158 615 2200 Β.
638 2159 690 2200 17
718 2175 867 2217 seqq.,
901 2162 1211 2216 ἐπιτετελεκεῖα,
1243 2164 1456 2213 ἑστακεῖα,
1492 2181 1586 2204 συν-

131 2227 349 2279 αγαγοχεῖά
387 2225 522 2267 Ther.
564 2227 692 2269 2448.
740 2228 789 2282 Ι,
821 2229 891 2270 27.
924 2230 1004 2282 28,
1049 2237 1090 2271 et
1129 2230 1175 2270 in
1216 2229 1361 2287 Mylae
1400 2230 1585 2288 epistola

129 2310 196 2334 nr.
230 2293 285 2334 13
317 2291 454 2334 Orell.
498 2308 550 2334 ex
580 2294 756 2351 antiqua
784 2295 973 2338 lectione
1003 2313 1100 2338 ποτε
1130 2299 1282 2345 οἰκείας
1310 2297 1424 2337 haud
1453 2297 1585 2340 dubie

129 2376 219 2402 non
249 2361 510 2408 ποτεοικυίας
537 2376 634 2402 eum
662 2362 832 2405 Roenio
861 2364 915 2405 ad
948 2364 1081 2421 Greg.
1115 2364 1167 2406 C.
1199 2381 1244 2422 p.
1277 2365 1354 2406 191
1387 2371 1429 2406 et
1459 2365 1584 2408 Orel-

129 2428 191 2471 lio
223 2427 494 2469 efficiendum
522 2435 615 2478 est,
664 2430 742 2471 sed
770 2434 1041 2481 ποτεοικείας.
1082 2458 1136 2464 —-
1194 2432 1326 2489 Apud
1354 2431 1583 2476 Archime-

132 2495 229 2536 dem
258 2495 517 2536 femininum
547 2495 599 2536 ad
629 2497 980 2556 conjugationem
1012 2500 1057 2540 in
1090 2517 1120 2539 ω
1151 2499 1368 2553 deflectit,
1412 2516 1583 2553 μεμενα-

130 2565 263 2604 ποῦσα
294 2563 347 2605 de
380 2563 565 2604 Conoid.
600 2580 642 2621 p.
675 2566 774 2607 257.
806 2567 905 2609 258.
937 2568 1047 2616 259,
1087 2566 1372 2607 ‹ivsffzaimfioa
1404 2583 1446 2625 p.
1478 2569 1577 2613 268.

130 2630 228 2673 270.
260 2632 368 2682 272,
401 2630 453 2672 de
484 2647 664 2689 quarum
694 2633 926 2676 formarum
956 2642 1134 2676 accentu
1165 2633 1280 2675 infra
1309 2633 1520 2678 dicemus.

245 2698 288 2749 5)
336 2699 980 2756 Plusquamperfeetum,
1015 2702 1067 2743 de
1097 2702 1224 2757 enjus
1255 2702 1460 2758 genuinis
1490 2705 1577 2746 for-

131 2764 215 2806 mis
258 2765 416 2807 Atticis
455 2783 605 2824 parum
643 2774 839 2818 constat,
884 2769 931 2810 in
958 2770 1125 2813 Doride
1154 2769 1290 2812 multo
1319 2770 1446 2813 etiam
1477 2771 1576 2829 plus
