1779 3079
504 231 586 279 Vl.
642 229 889 279 Laconica
920 228 1167 291 quaedam.
1468 229 1567 279 483

235 364 417 419 βαράκες
448 368 589 406 πολλοὶ
619 365 764 417 κᾶρτοι

237 436 306 473 καί
337 432 472 485 δωμὸς
502 450 562 480 τις
591 433 696 484 μάλα
729 431 842 479 ἁδύς.

315 579 373 621 2)
422 580 734 621 Hippocratis
767 577 980 620 epistola
1003 579 1066 610 ad
1094 579 1371 620 Spartanos.

229 678 381 730 ”Eposo
409 674 459 717 τὰ
488 675 618 717 καλά·
650 676 873 730 Μίνδαρος
904 674 1113 717 ἀπέσστα·
1152 677 1337 717 πεινῶντι
1367 676 1567 734 τῶνδρες“

235 744 485 799 ἀπορίομες,
517 745 557 785 τί
583 742 663 800 χρῆ
696 745 810 798 δρᾷν.

463 891 519 932 3)
576 891 895 931 Epigramma
916 891 1231 925 Laconicum.

239 988 356 1031 Xc'h'
390 988 461 1030 ἅδε
490 986 601 1030 nouo}
630 990 818 1042 βίβαντι,
849 988 1016 1030 πλεῖστα
1046 987 1095 1039 ὁῆ
1123 990 1204 1030 τῶν
1230 987 1413 1031 πίποκα.

122 1174 285 1219 Bergkii
309 1175 516 1209 emendatio
539 1175 574 1208 ἐν
592 1174 818 1216 Ἀμυκλαῖον·
850 1173 952 1222 πάρα
975 1175 1009 1207 Γ
1009 1175 1145 1208 immam
1168 1174 1194 1209 i.
1222 1185 1254 1209 e.
1281 1175 1439 1223 πάρεισιν
1457 1175 1579 1210 Εἵλωσι

123 1233 317 1268 infelicior
342 1240 417 1277 est;
451 1232 616 1276 liquidas
640 1232 738 1267 enim
762 1231 893 1267 Lesbii
919 1231 1181 1277 duplicarunt,
1207 1243 1279 1266 non
1303 1232 1489 1278 Lacones,
1513 1244 1578 1269 ne-

123 1302 197 1334 que
222 1290 423 1336 Epilycum
447 1304 468 1333 y
493 1302 561 1336 pro
586 1291 771 1335 digamma
795 1289 991 1336 scripsisse
1017 1290 1201 1325 credibile
1226 1297 1301 1334 est,
1326 1291 1469 1326 etiamsi
1495 1292 1579 1326 voci

123 1347 232 1387 Εἵλως
258 1349 328 1383 hoc
353 1348 548 1383 concedas.
578 1367 617 1373 —
652 1349 721 1387 Vs.
747 1350 768 1384 3
792 1347 908 1383 πολλὰ
933 1347 966 1383 οἱ
989 1347 1115 1395 κάρτα.
1143 1368 1185 1374 -
1220 1348 1287 1386 Vs.
1311 1351 1334 1385 4
1359 1350 1579 1391 δωδεμοστος,

125 1406 226 1450 quod
252 1405 463 1441 emendavit
485 1405 678 1450 Bergkius
704 1406 752 1440 cf.
780 1408 808 1452 §.
834 1407 897 1450 12,
923 1408 965 1451 13
1007 1405 1107 1440 idem
1130 1405 1228 1448 μάλα
1252 1413 1389 1442 temere
1413 1407 1451 1442 in
1475 1408 1580 1449 μέλας

122 1464 294 1507 mutavit,
331 1462 529 1499 Meinekio
558 1466 640 1508 jure
674 1464 903 1499 adversante.
944 1483 984 1490 —
1035 1465 1206 1499 Ceterum
1240 1472 1395 1511 propter
1425 1465 1578 1509 hiatum,

124 1522 190 1566 qui
230 1522 397 1556 lacunam
429 1521 590 1567 prodere
631 1521 797 1565 videtur,
844 1522 1046 1556 secundum
1079 1533 1224 1557 versum
1255 1533 1277 1557 a
1310 1522 1431 1568 primo
1465 1522 1581 1558 inter-

124 1580 325 1626 punctione
350 1579 614 1623 distinximus;
648 1582 722 1624 jam
747 1578 836 1627 παρ’
859 1578 1014 1614 Ἀπέλλω
1041 1579 1178 1615 dictum
1202 1587 1257 1615 est
1288 1587 1328 1615 ut
1352 1578 1442 1628 παρ’
1468 1579 1534 1623 ἁμέ
1558 1590 1581 1614 a

123 1637 340 1682 Megarensi
365 1638 528 1672 Acharn.
552 1638 620 1673 725
656 1637 703 1671 cf.
730 1637 904 1683 Thucyd.
930 1638 982 1682 V,
1008 1639 1053 1674 23
1082 1636 1172 1685 παρ’
1197 1636 1390 1672 Ἀπόλλωνι
1416 1637 1451 1672 ἐν
1470 1635 1578 1679 Ἀμυ-

125 1696 243 1740 κλαίῳ.
304 1695 502 1730 Postremo
527 1694 691 1729 notabile
715 1701 793 1739 est,
831 1703 957 1731 nostra
983 1695 1238 1731 emendatione
1264 1702 1424 1740 quatuor
1447 1705 1580 1740 paroe-

123 1753 264 1787 miacos
287 1759 394 1788 natos
420 1762 521 1795 esse,
546 1759 586 1787 ut
601 1752 756 1787 Helotes
780 1753 877 1788 inter
901 1754 1071 1799 rhythmi
1096 1753 1198 1788 illius
1222 1753 1415 1789 embaterii
1434 1764 1581 1789 carmen

123 1809 172 1845 ad
198 1809 371 1855 copidem
396 1809 625 1854 processisse
650 1810 858 1846 videantur.

171 1874 208 1917 2)
256 1873 432 1919 Xenoph.
459 1873 605 1908 Hellen.
628 1873 670 1917 Ι,
698 1877 740 1919 1,
765 1875 828 1918 23,
854 1873 1045 1909 Plutarch.
1059 1875 1246 1912 Alcibiad.
1273 1887 1306 1911 c.
1322 1877 1386 1921 28,
1410 1876 1581 1911 Eustath.

124 1942 163 1976 p.
189 1933 234 1967 92
258 1931 309 1966 in.
340 1938 377 1966 et
404 1932 511 1973 1792,
537 1933 570 1967 6.
601 1930 812 1972 ἀπέσσυται,
838 1930 1016 1967 ἀπεσσούα
1038 1932 1063 1977 -Ι-
1086 1933 1161 1968 vid.
1185 1935 1215 1978 §.
1245 1935 1307 1978 19,
1333 1935 1366 1969 8.
1389 1953 1431 1962 --
1477 1933 1578 1978 vulg.

125 1989 333 2036 ἀπορέομες,
359 2000 395 2025 v.
418 1989 444 2023 l.
471 1988 676 2036 ἀπορείομες
700 1996 737 2025 et
760 1988 948 2038 ἀπορίομες
973 1991 1020 2025 cf.
1037 1991 1173 2028 Valck.
1195 1991 1242 2026 ad
1256 1991 1380 2026 Adon.
1408 1992 1537 2037 p.264.
1552 1991 1582 2025 C

127 2054 165 2083 et
187 2048 218 2091 §.
244 2049 308 2090 26,
336 2049 367 2082 1.
419 2047 592 2083 Ceterum
615 2048 733 2092 magis
760 2049 903 2084 Dorica
926 2055 1049 2086 essent
1071 2052 1227 2084 πεννᾶντι
1250 2056 1288 2085 et
1309 2050 1407 2096 ὁρῆν.

172 2113 210 2154 3)
257 2111 360 2148 Poll.
385 2112 456 2156 IV,
482 2113 548 2148 102
570 2112 668 2156 χίλια
690 2125 786 2148 ποκα
807 2112 947 2158 βιβάντι
969 2113 1046 2151 vid.
1070 2115 1099 2158 §.
1124 2116 1169 2151 39
1194 2121 1232 2152 et
1255 2115 1286 2159 §.
1311 2116 1375 2158 44,
1399 2116 1432 2151 2.

1241 2887 1322 2930 31·
