1779 3079
433 230 473 287 §.
523 230 600 277 30.
664 230 736 275 De
769 227 1082 275 declinatione
1115 228 1195 275 Ill.
1441 228 1533 276 231

90 363 224 404 forma
254 364 308 404 L.
345 363 364 405 I
404 363 446 416 ξ.
479 363 550 415 5-4,
583 363 608 404 3
641 376 818 418 eamque
851 361 1177 417 septentrionali
1211 361 1414 404 Graeciae
1446 376 1539 419 pro—

90 432 225 489 priam
271 439 313 472 et
352 430 642 472 contractione
685 428 866 485 quadam
911 443 933 468 c
974 429 1169 485 longiore
1213 429 1416 483 ἀγώνεσσι
1455 436 1538 470 etc.

92 506 232 540 natam
264 498 564 540 iudicavimus.
627 496 752 538 Nunc
784 495 828 536 in
858 495 1226 538 Tauromenitano
1257 498 1383 539 titulo
1407 497 1540 538 Fran-

92 567 150 607 zii
193 582 319 623 saepe
358 565 561 622 repetitos
602 564 788 621 legimus
821 563 986 604 dativos
1018 565 1329 616 ἱερομναμόυοις
1359 572 1401 606 et
1433 581 1542 606 σιτο-

93 634 306 686 φυλάκοις.
382 633 583 673 Ceterum
629 648 759 689 quum
803 631 846 672 in
890 631 1133 688 antiquiore
1172 632 1540 689 Amphictyonum

91 702 260 743 decreto
282 717 348 742 nr.
372 700 479 743 1688
510 699 751 741 terminatio
782 716 874 740 mm
905 699 976 751 sit,
1010 699 1188 741 formam
1222 701 1265 740 in
1300 718 1362 747 οις
1392 700 1539 758 paullo

91 769 330 811 recentiore
360 776 551 826 tempore
583 768 627 809 in
658 785 784 810 nsum
815 766 989 808 venisse
1019 767 1293 822 conjicimus.

201 838 247 888 4)
308 835 421 877 Male
463 836 729 894 grammatici
767 835 942 877 tradunt
963 839 1022 883 2),
1070 834 1385 876 accusativi
1424 835 1542 891 plu·

89 904 226 946 ralis
256 903 599 946 terminationem
634 922 685 952 ας
711 904 755 944 ἰιι
787 903 952 945 Doride
984 903 1174 945 vocalem
1206 902 1467 960 producere,
1501 902 1544 942 id

89 972 207 1030 quod
247 988 298 1014 cx
339 980 542 1013 accentus
585 972 747 1013 ratione
778 971 965 1024 Dorica,
1013 972 1065 1012 de
1096 987 1179 1029 qua
1212 970 1311 1011 vide
1341 969 1382 1023 ξ.
1417 969 1468 1022 3,
1500 970 1542 1015 4,

90 1040 322 1097 collegisse
345 1040 560 1081 videntur.
622 1039 929 1082 productionis
962 1055 1103 1097 neque
1133 1039 1268 1080 ullum
1300 1037 1542 1096 exemplum

89 1108 301 1165 reperitur
331 1116 372 1149 et
401 1108 641 1164 corripiunt
671 1109 863 1150 ultimam
881 1139 893 1161 ,
927 1124 979 1149 ne
1006 1108 1129 1164 plura
1154 1108 1398 1157 afferamus,
1431 1105 1544 1163 apud

91 1177 395 1233 Epieharmum
443 1177 495 1216 fr.
538 1175 592 1217 23
637 1176 843 1228 λὲπάδας,
893 1175 1022 1227 μύας,
1075 1177 1274 1223 σωλῆνας.
1352 1173 1562 1215 Ulterius-

90 1260 346 1300 progressus
378 1244 608 1285 scholiasta
641 1243 930 1286 Theocriteus
968 1243 1074 1284 adeo
1112 1241 1419 1284 nominativum
1451 1240 1544 1298 plu-

91 1313 222 1353 ralem
256 1312 560 1353 declinationis
592 1312 740 1354 tertiae
771 1312 815 1353 in
850 1329 892 1352 αι
928 1319 1153 1352 exeuntem
1186 1309 1429 1352 somniavit.

204 1379 344 1434 Quam
387 1386 589 1420 accentus
630 1381 840 1422 rationem
872 1378 1110 1420 Dorienses
1153 1378 1196 1419 in
1239 1379 1317 1419 hac
1357 1377 1544 1418 declina-

90 1448 207 1490 tione
238 1448 453 1505 propriam
485 1447 693 1497 habeant,
738 1447 837 1490 vide
868 1463 996 1504 supra
1026 1447 1068 1499 ξ,
1102 1446 1141 1487 3.

205 1515 247 1565 5)
306 1515 475 1556 Vocum
508 1530 679 1567 earum,
721 1531 899 1572 quarum
934 1513 1065 1571 stirps
1097 1513 1141 1553 in
1174 1531 1185 1552 ι
1219 1512 1406 1565 desinit,
1440 1514 1545 1553 haec

89 1591 155 1624 cst
185 1583 439 1624 declinatio:

204 1650 534 1706 Singularis
567 1650 851 1707 genitivus
882 1650 1016 1706 vulgo
1047 1649 1092 1689 in
1125 1665 1205 1696 ιος
1235 1647 1351 1701 exit,
1395 1654 1440 1688 ut
1469 1646 1546 1687 πό-

93 1725 180 1767 λιος
214 1719 416 1770 Heracl.‚
451 1719 639 1767 οἰκήσιος
669 1719 830 1775 Amph.
867 1718 1003 1769 1688,
1048 1718 1208 1769 κρίσιος
1239 1715 1382 1757 Rhod.
1417 1714 1543 1765 2905,

95 1787 247 1838 φύσιος
276 1786 433 1843 Epieh.
470 1785 572 1833 135.
621 1786 746 1827 etiam
787 1787 832 1827 iu
861 1785 1001 1827 titulis
1033 1785 1180 1842 paullo
1210 1782 1544 1831 recentioribus,

93 1854 168 1895 sed
209 1854 353 1895 minus
394 1853 625 1911 corruptis·
700 1854 893 1895 Atticum
927 1852 1151 1900 διαλύσεως
1181 1852 1226 1892 in
1254 1851 1387 1892 Ther.
1420 1850 1544 1892 2448.

93 1921 227 1975 VIII,
259 1923 287 1964 4
327 1922 454 1963 nobis
485 1929 730 1979 suspectum
764 1929 844 1963 est.
907 1922 957 1962 In
991 1920 1180 1962 Phocico
1213 1919 1363 1960 Rossii
1394 1934 1460 1959 nr.
1493 1917 1542 1960 81

94 1999 159 2031 est
201 1990 456 2039 ἁναθέσεος,
509 1993 553 2031 in
598 1989 758 2032 recenti
805 1989 979 2031 Cretico
1023 2004 1090 2029 nr.
1132 1987 1243 2030 2567
1285 1986 1447 2034 πόλεος.
1494 2011 1547 2017 -

94 2058 334 2100 Dativus
381 2058 424 2099 in
456 2058 776 2114 antiquioribus
805 2057 947 2099 titulis
977 2057 1105 2098 hahet
1138 2055 1481 2097 terminationem
1513 2060 1544 2101 ῖ,

96 2142 204 2183 quae
234 2134 299 2167 est
328 2142 381 2168 ex
413 2144 445 2166 ιι
484 2134 730 2168 contracta:
791 2125 886 2166 πόλι
916 2125 1089 2166 Heracl.
1123 2124 1170 2178 I,
1203 2123 1311 2177 108,
1354 2122 1547 2177 Λυγδάμι

96 2202 138 2235 et
187 2194 383 2249 Σχιιιούρι
428 2194 607 2250 Col-cyr.
662 2194 787 2236 1840.
863 2193 1026 2235 Eadem
1072 2193 1231 2234 rectius
1286 2191 1547 2233 scriberetur

97 2263 287 2304 Acharn.
319 2262 399 2305 721
433 2271 473 2304 et
500 2262 701 2320 Thucyd.
734 2262 794 2313 V,
825 2262 894 2304 77.
926 2262 1005 2314 79,
1046 2261 1120 2302 uhi
1150 2259 1254 2302 libri
1283 2259 1397 2300 πόλει
1428 2273 1541 2315 prae-

95 2331 213 2371 bent.
274 2330 481 2388 Vulgaris
512 2332 646 2372 forma
686 2338 750 2371 est
779 2331 833 2373 ,in
876 2329 1016 2371 titulis
1047 2327 1288 2370 Alexandri
1317 2334 1452 2368 aetate
1482 2341 1543 2366 re—

144 2526 180 2568 2)
229 2524 374 2559 Scholl.
400 2520 447 2557 Il.
475 2539 487 2557 ε
503 2550 512 2566 ,
539 2527 615 2560 371.
666 2525 696 2558 οἳ
723 2527 861 2572 Δωριεῖς
886 2524 1096 2563 οἷπεναντίως
1119 2528 1162 2572 τῇ
1187 2528 1279 2572 κοινῇ
1297 2526 1459 2568 διαλέκτῳ
1482 2527 1548 2558 τῶν

98 2584 156 2622 μὲν
180 2582 223 2619 εἰς
248 2583 293 2619 ῖς-
319 2581 464 2615 εὖθειῶν
487 2584 729 2627 πληθυντικῶν
754 2586 926 2628 ληγουσῶν
949 2583 993 2617 τὰ
1019 2582 1115 2617 &vinci
1142 2584 1230 2626 (leg.
1255 2582 1317 2618 τὰς
1342 2581 1549 2626 αἰτιατικὰς)

99 2639 157 2673 διὰ
180 2643 242 2673 τοῦ
267 2642 291 2673 ἆ
316 2643 451 2685 μακροῦ
478 2641 692 2685 ἐκφέρονσιν,
743 2645 810 2675 τῶν
838 2644 873 2675 δὲ
905 2641 949 2679 εἰς
979 2643 1023 2675 a?
1047 2640 1109 2678 τὰς
1135 2640 1326 2678 αἶτιατικὰς
1351 2640 1407 2674 διὰ
1435 2644 1497 2675 τοῦ
1523 2643 1548 2673 ἆ

99 2699 244 2742 βραχέος
276 2698 480 2744 ἐκφέρουσνν.
555 2700 693 2733 Eadem
728 2700 863 2734 docent
892 2701 1057 2734 Eustath.
1092 2701 1179 2740 558,
1207 2700 1250 2733 23
1283 2706 1317 2732 ct
1352 2699 1463 2732 Drac.
1493 2702 1549 2741 10,

106 2758 165 2797 17,
203 2756 358 2789 eundem
387 2756 537 2789 Homeri
565 2756 684 2790 locum
709 2766 927 2801 spectantes.
972 2779 1010 2784 -
1061 2756 1201 2790 Scholl.
1229 2757 1388 2790 Theocr.
1417 2757 1454 2799 1,
1485 2760 1548 2791 1119

102 2811 174 2846 vid.
197 2813 225 2855 ᾗ.
243 2817 264 2849 3
288 2820 360 2848 not.
382 2816 435 2848 10.
