1779 3079
388 898 506 952 Au
541 898 843 952 Librum
879 896 1305 950 Secundum.

232 1270 358 1325 Pag.
392 1269 432 1310 6.
494 1269 563 1310 De
603 1268 782 1310 Doridis
826 1269 1002 1311 interitu
1044 1267 1140 1309 vide
1182 1268 1338 1309 Franz.
1384 1267 1568 1311 Elemm.

120 1335 276 1395 Epigr.
310 1336 388 1378 Gr.
422 1353 463 1393 p.
493 1336 600 1390 185,
634 1337 709 1394 qui
740 1336 878 1388 liber,
910 1352 1041 1393 quum
1074 1336 1149 1377 illa
1183 1336 1453 1389 scribebam,
1486 1353 1571 1378 nou

118 1411 208 1446 erat
237 1404 291 1445 ad
321 1420 506 1447 manum.
597 1404 725 1457 Quod
755 1404 811 1445 V.
847 1404 903 1444 D.
937 1404 1309 1460 Amphictyonum
1338 1404 1570 1445 concilium

118 1472 328 1514 maturius
368 1488 494 1529 quam
541 1472 738 1530 singulus
782 1472 977 1514 cixitates
1017 1473 1239 1529 vulgarem
1287 1472 1481 1529 linguam
1527 1473 1571 1513 in

118 1540 306 1582 Dor1cae
338 1539 512 1583 dialecti
551 1542 694 1583 locum
728 1541 936 1583 ascivisse
967 1556 989 1581 e
1021 1540 1207 1582 decretis
1237 1539 1281 1580 iu
1312 1540 1572 1582 Demosthe-

118 1608 189 1650 nis
227 1609 420 1650 oratione
462 1609 514 1650 de
557 1609 728 1649 Corona
772 1625 814 1665 p.
848 1610 943 1651 278.
971 1609 1053 1651 27⁴.)
1095 1617 1135 1649 et
1175 1608 1217 1648 in
1254 1608 1384 1666 Corp.
1430 1609 1568 1650 Inser.

117 1693 186 1717 nr.
212 1676 336 1719 1689.
358 1693 395 1717 a.
420 1677 447 1717 h
478 1677 657 1718 servatis
688 1677 886 1734 colligit,
930 1676 1020 1731 jam
1052 1677 1198 1732 paullo
1229 1676 1471 1717 accuratius
1501 1692 1570 1717 ex-

118 1760 279 1802 ponere
331 1744 449 1786 lieet.
539 1745 796 1802 Quanquam
843 1744 956 1785 enim
1002 1744 1184 1786 decretis
1228 1744 1572 1786 Demostheneae

119 1812 305 1855 orationi
344 1812 519 1854 insertis
550 1815 731 1854 multum
764 1813 866 1854 fidei
906 1813 1055 1854 haberi
1086 1812 1265 1870 nequit,
1313 1821 1353 1853 at
1386 1827 1473 1852 non
1505 1827 1571 1852 so—

120 1881 210 1922 lum
241 1897 306 1921 nr.
343 1881 452 1923 '1689
482 1889 523 1922 et
557 1882 677 1923 1689.
707 1882 731 1922 l)
762 1881 873 1923 nihil
903 1881 1053 1922 Dorici
1086 1881 1243 1922 habent
1274 1888 1571 1938 praeterquam

117 1948 164 1990 in
196 1949 448 1990 nominibus
478 1950 695 2006 propriis,
737 1950 812 1990 sed
843 1949 967 1990 etiam
1000 1966 1064 1990 nr.
1097 1949 1204 1990 1694
1233 1956 1274 1989 et
1305 1964 1352 1989 ea
1385 1949 1568 1996 decreta,

119 2032 228 2074 quae
267 2017 313 2057 in
344 2016 493 2058 eodem
533 2017 675 2074 lapide
713 2035 810 2058 eum
851 2035 915 2058 nr.
954 2018 1074 2059 1689.
1107 2018 1135 2057 b
1177 2017 1347 2058 inventa
1379 2016 1571 2056 Lealiius

120 2083 256 2125 edidit
287 2084 331 2124 in
364 2086 536 2125 Trcwels
567 2086 747 2141 Ναὶ-σαψ.
774 2087 983 2127 Norlleern
1008 2086 1164 2126 Greece
1187 2084 1290 2125 Vol.
1309 2084 1367 2124 ΙΙ.
1402 2099 1467 2122 nr.
1487 2083 1570 2135 995

118 2159 336 2210 postremo
375 2151 590 2193 decretum
632 2153 682 2193 ab
716 2153 822 2193 Ern-
858 2153 1011 2194 Curtio
1055 2152 1097 2192 in
1136 2152 1251 2193 Mus.
1286 2151 1427 2191 Rhen.
1465 2150 1571 2191 1542

118 2236 163 2278 p.
188 2219 243 2262 93
269 2235 393 2275 seqq.
426 2235 492 2259 nr.
520 2221 567 2260 ll
600 2221 761 2261 editum
791 2237 813 2261 a
844 2220 989 2263 verbis
1018 2221 1192 2266 πυλαίας
1224 2218 1431 2269 ὀπυῳιιιῆς
1461 2219 1569 2268 ἱερο-

119 2286 426 2340 μνημονούντωικ
469 2302 667 2327 exorsum
713 2296 861 2344 postea
908 2287 960 2329 ad
1005 2287 1183 2328 Doridis
1228 2301 1353 2326 usum
1399 2283 1566 2325 transit.

118 2355 215 2398 Jam
245 2369 345 2396 vero
379 2354 454 2394 illa
485 2354 854 2412 Amphictyonum
885 2355 1053 2395 decreta
1084 2352 1255 2401 omnia,
1313 2359 1359 2392 ut
1390 2349 1568 2391 Curtius

119 2422 339 2464 Boeclzhio
378 2421 431 2461 ad
471 2437 537 2462 nr.
575 2422 682 2463 1694
721 2429 954 2479 praeeunte
992 2421 1103 2462 bene
1144 2419 1388 2471 intellexit,
1436 2434 1567 2475 quan-

119 2506 247 2548 quam
278 2489 489 2530 Leal-iiani
518 2489 634 2530 tituli
664 2506 749 2531 non
781 2505 966 2538 memor,
1022 2488 1074 2529 ad
1107 2503 1198 2528 eam
1230 2494 1407 2527 aetatem
1438 2484 1568 2541 perti-

119 2565 253 2610 nent,
307 2573 389 2614 qua
422 2556 570 2599 Aetoli
608 2563 768 2598 tantum
808 2556 1032 2614 potestatis
1074 2555 1186 2596 inter
1226 2553 1568 2610 Amphictyones

118 2625 204 2667 sibi
231 2633 565 2682 arrogaverunt,
617 2633 663 2665 ut
689 2641 835 2666 eorum
865 2624 1237 2665 hieromnemones
1278 2626 1350 2660 aut
1380 2619 1461 2660 soli
1498 2627 1569 2659 aut

120 2692 258 2749 primo
298 2693 393 2734 loco
436 2692 752 2745 scriberentur,
812 2691 929 2748 quod
968 2690 1013 2730 iu
1056 2689 1170 2730 tertii
1210 2704 1248 2729 a.
1282 2686 1363 2727 Ch.
1407 2685 1566 2727 saeculi

118 2759 280 2801 exitum
311 2767 353 2803 et
383 2760 562 2802 secundi
595 2760 768 2802 initium
799 2760 951 2801 cadere
982 2765 1161 2815 oportet.
1214 2754 1306 2796 Nee
1331 2753 1565 2811 quidquam
