1779 3079
238 213 337 262 564
639 213 866 262 Addenda
901 223 946 261 et
975 213 1286 279 Corrigenda.

241 367 336 392 rum
374 350 617 392 Ἱπποκλέαν
658 351 823 393 dicunt.
894 352 1090 410 Apparet
1130 359 1301 407 autem,
1352 352 1617 395 scholiasten
1656 353 1701 396 id

242 435 399 461 nomen
431 435 518 460 non
549 435 571 461 e
603 419 726 460 docta
756 420 940 478 quadam
971 420 1231 470 traditione,
1276 421 1353 462 sed
1384 438 1437 464 ex
1467 421 1564 479 ipso
1594 421 1701 463 Pin-

243 486 344 528 daro
376 487 590 528 hausisse.
663 487 753 528 Vix
791 496 933 528 tamen
974 496 1088 530 recte
1127 489 1390 546 collegeris,
1438 505 1534 530 eum
1564 490 1700 532 altero

240 555 599 596 ΙοεοἹπποκλέαν
629 555 836 613 scriptum
867 556 1114 611 invenisse,
1156 557 1230 598 sed
1261 573 1394 614 quum
1426 557 1546 615 prior
1575 557 1699 599 loeus

242 623 295 663 dc
325 623 514 665 nominis
546 624 683 666 forma
714 624 860 665 testari
892 624 1140 677 videretur,
1186 625 1369 667 alterum
1400 625 1545 667 minus
1576 641 1699 667 cura-

238 691 316 733 vit.
377 692 667 749 Antiquiores
699 692 801 735 illos
822 723 835 746 ,
882 693 957 750 qui
989 692 1170 734 Pindari
1202 693 1393 735 carmina
1424 693 1700 751 collegerunt

240 767 282 800 ct
321 759 670 817 inscripserunt,
728 768 800 801 aut
831 776 900 801 eas
935 761 1074 801 solum
1116 762 1275 802 soi-mas
1314 762 1475 819 legisse
1506 777 1615 818 quae
1645 761 1699 802 ad

238 828 551 870 nominativum
589 828 812 877 Ἱπποκλῆς
852 828 1006 869 referri
1045 836 1255 884 possent,
1309 836 1383 869 aut
1417 830 1498 870 hoc
1539 845 1699 871 nomen

237 903 280 936 et
304 896 550 943 Ἱπποκλέας
581 911 667 936 non
699 894 870 935 diversa
903 894 1175 936 existimasse
1195 925 1207 945 ,
1264 896 1440 952 antiqua
1470 897 1697 954 inscriptio

235 965 443 1004 Ἱπποκλέῖ
470 963 688 1020 patefacit.
751 962 874 1015 Quae
905 978 1039 1019 quum
1069 962 1128 1002 ita
1160 962 1276 1016 sint,
1324 980 1474 1021 parum
1505 972 1628 1006 caute
1659 965 1697 1006 is

236 1047 365 1089 agere
386 1031 582 1084 videtur,
614 1030 690 1088 qui
721 1031 856 1073 altero
887 1032 983 1072 loco
1014 1031 1183 1072 literam
1217 1032 1312 1074 sine
1341 1031 1469 1074 libris
1499 1032 1696 1074 addendo

234 1098 525 1140 accusativum
554 1099 796 1140 Ἱπποκλέαν
828 1099 1007 1154 efficiat,
1049 1115 1146 1140 nam
1176 1099 1422 1152 Ἱπποκλέᾶ,
1454 1101 1570 1157 quod
1599 1116 1696 1158 pro·

234 1167 491 1225 posuimus,
534 1167 701 1208 etiamsi
729 1167 873 1225 priore
904 1168 1002 1209 loco
1029 1167 1251 1218 Ἱπποκλέᾳ
1281 1174 1453 1222 teneas,
1501 1184 1588 1210 nou
1618 1167 1694 1210 mi-

233 1252 317 1277 nus
355 1234 460 1276 ferri
500 1243 672 1292 potest,
724 1252 853 1293 quam
895 1235 941 1276 in
981 1235 1129 1276 eadem
1166 1235 1388 1277 Plutarchi
1426 1237 1696 1294 paragrapho

234 1300 269 1344 οἶ
293 1305 540 1355 Πατροκλέα
572 1311 614 1344 et
637 1304 928 1358 Πατροκλέους
951 1303 1105 1358 juncta
1135 1310 1251 1344 sunt.
1311 1303 1468 1361 Neque
1497 1304 1551 1345 G.
1585 1305 1695 1345 Her-

233 1388 419 1414 mannus
452 1371 696 1413 audiendus
727 1380 823 1426 est,
873 1388 1005 1429 quum
1037 1371 1082 1412 in
1112 1371 1503 1414 Emendationibus
1533 1371 1693 1413 Pinda-

231 1440 337 1482 ricis
361 1440 594 1481 dictionem
624 1440 836 1498 poeticam
867 1440 1099 1481 articulum
1129 1438 1199 1480 τὸν
1218 1441 1463 1482 Ἱπποκλέαν
1493 1456 1580 1482 non
1611 1441 1694 1482 fer-

231 1524 277 1550 re
318 1508 518 1565 opinatus
557 1508 626 1549 τὸν
657 1509 880 1550 Ἱπποκλέα
913 1507 955 1549 σ’
987 1507 1045 1548 ἔτι
1082 1507 1287 1565 scripsit,
1347 1515 1394 1549 ut
1426 1503 1693 1566 Hippoclcae

231 1584 351 1635 pater
381 1577 531 1618 codem
563 1576 738 1619 nominc
769 1593 877 1619 usus
908 1577 980 1618 sit.
1071 1575 1173 1618 Sola
1205 1575 1320 1617 enim
1350 1575 1507 1633 Pythia
1549 1577 1693 1634 perlu-

233 1645 386 1686 stranti
416 1645 496 1686 tria
524 1646 699 1687 articuli
730 1661 828 1687 cum
859 1644 1110 1687 nominibus
1137 1644 1283 1700 juncti
1314 1645 1509 1701 exempla
1540 1660 1586 1686 se
1616 1644 1692 1687 ob-

232 1713 456 1754 tulerunt:
517 1714 596 1767 Il,
630 1714 684 1755 73
731 1715 751 1755 ὁ
790 1714 1121 1766 (Ραδάμανθυς,
1181 1712 1261 1767 IV,
1294 1712 1348 1754 66
1391 1712 1417 1754 α’
1454 1728 1494 1754 τε
1535 1712 1690 1767 Πυθώ,

229 1780 326 1834 XI,
361 1782 413 1823 59
453 1780 522 1823 τὸν
549 1780 799 1835 Ἰφικλείδαν
826 1780 1001 1823 Ἰόλαον.
1077 1781 1231 1822 Restat
1261 1787 1308 1821 ut
1338 1780 1390 1821 de
1421 1780 1563 1838 priore
1592 1781 1690 1823 loco

231 1848 440 1890 dicamus.
487 1849 574 1891 Ubi
607 1849 644 1891 si
675 1850 774 1907 quis
805 1850 1004 1891 traditam
1037 1849 1268 1891 lectionem
1298 1848 1515 1890 mordicus
1544 1857 1691 1891 tenere

229 1916 362 1969 velit,
406 1933 520 1958 nunc
552 1918 726 1975 quidem
758 1934 846 1959 non
877 1917 1131 1960 conabimur
1162 1933 1254 1958 eam
1284 1924 1332 1958 ut
1360 1917 1583 1959 barbaram
1613 1933 1691 1974 per

227 1983 316 2026 vim
354 1984 520 2040 cripere
540 2015 552 2037 ,
613 1986 689 2027 sed
718 1986 949 2027 lectionem
981 1992 1201 2039 nostram,
1257 2001 1366 2042 quae
1396 2001 1450 2026 ne
1481 2001 1564 2025 una
1595 1984 1688 2042 qui-

231 2051 327 2092 dem
359 2052 484 2093 litera
517 2060 674 2094 mutata
705 2053 1034 2095 insolentiorcm
1066 2060 1107 2093 ct
1135 2068 1214 2110 pro
1245 2052 1395 2093 aetatis
1427 2055 1592 2094 ratione
1616 2068 1687 2094 su·
1743 2102 1749 2106 ἱ

230 2127 419 2176 spectam
460 2120 649 2161 nominis
690 2121 868 2161 formam
901 2136 1082 2177 eamque
1120 2135 1268 2176 parum
1300 2119 1504 2161 munitam
1546 2137 1688 2164 remo-

226 2194 327 2241 vet,
372 2186 618 2229 etiamnunc
649 2187 776 2230 nohis
807 2204 894 2229 non
927 2187 1161 2244 displicere
1192 2187 1330 2228 libere
1361 2188 1627 2243 profitemur.

340 2255 408 2296 Pa
425 2271 467 2311 g.
505 2255 585 2297 160
627 2256 658 2297 l.
694 2256 757 2297 15.
829 2256 956 2297 Adde
991 2259 1126 2302 Ιίὦλις
1159 2253 1381 2296 Cretensis
1413 2272 1569 2297 nomen
1601 2256 1685 2299 Po-

226 2322 318 2379 lyh.
353 2323 490 2372 VIII,
526 2324 578 2365 17
621 2324 652 2364 i.
688 2340 726 2366 e.
760 2326 963 2372 Βουλιάς,
1024 2337 1163 2380 neque
1200 2323 1328 2364 credo
1369 2323 1421 2364 ab
1461 2324 1684 2367 Herodoto

225 2390 337 2439 Vll,
367 2392 445 2432 134
476 2391 616 2432 virum
643 2392 901 2449 Spartanum
925 2392 1047 2446 justa
1077 2388 1267 2431 nominis
1299 2392 1437 2433 forma
1467 2392 1684 2435 Laconica

224 2461 376 2500 Βοῦλιν
405 2460 630 2517 appellari.

338 2527 462 2583 Pag.
500 2528 576 2569 161
617 2527 649 2568 l.
685 2527 751 2570 13.
814 2526 882 2568 Dc
912 2529 1172 2583 κωραλίσκος
1200 2528 1257 2570 cf.
1293 2529 1440 2586 Bergk
1470 2529 1522 2570 de
1552 2529 1679 2588 reliq.

225 2610 336 2636 com.
369 2596 462 2635 Ait.
505 2611 547 2652 p.
581 2594 679 2636 431.

336 2662 477 2703 Ibid.
512 2671 618 2704 not.
654 2663 816 2705 Eadem
848 2665 1073 2707 traduntur
1103 2666 1149 2708 iu
1173 2664 1373 2708 Anccdd.
1399 2664 1563 2707 Pariss.
1595 2664 1677 2706 111.

224 2745 266 2786 p.
302 2730 412 2782 344,
457 2745 511 2772 nc
543 2731 612 2772 hic
644 2732 818 2789 quidem
852 2733 1033 2791 integra.

337 2797 461 2855 Pag.
500 2798 579 2839 162
622 2799 650 2840 l.
690 2801 740 2841 10
771 2817 920 2859 seqq.
982 2800 1115 2858 Apud
1147 2800 1458 2844 Callimachum
1488 2799 1590 2843 talia
1618 2800 1678 2842 le-
