1779 3079
176 153 241 201 22
637 153 680 214 ᾗ.
711 155 756 202 2.
829 155 904 202 De
933 153 1160 203 sontibus.

177 287 267 331 rior
293 289 427 332 Doris
468 307 493 340 η
525 296 568 331 et
598 306 630 330 ω
669 289 881 349 postulat,
922 290 1009 332 vid.
1057 286 1097 347 ξ.
1130 291 1198 335 20.
1276 290 1487 357 Lesbiaca
1528 297 1630 334 sunt

177 358 382 400 πλοίοισιν
409 365 452 400 et
482 358 606 411 ἄμμε,
637 358 832 401 Ionicum
862 359 1140 401 ἐπιστέωνται.

291 427 361 479 15)
418 426 645 483 Ampliora
696 434 739 469 et
791 428 973 470 certiora
1026 427 1264 486 specimina
1310 427 1632 471 Siculorum

178 492 349 536 dialecti
390 494 516 535 nobis
558 502 732 536 restant.
820 495 1105 553 Epicharmus
1147 503 1189 537 et
1237 495 1466 554 Sophron,
1524 512 1634 554 quos

177 561 442 617 grammatici
487 562 849 620 locupletissimos
892 563 1071 605 Doridis
1108 571 1238 605 testes
1278 564 1435 606 habere
1474 564 1633 619 solent,

179 636 221 670 et
249 629 551 686 Dinolochus,
584 631 830 688 Epicharmi
861 647 1112 685 successor,
1146 632 1514 689 Syracusanorum
1546 631 1634 673 dia-

175 695 335 738 lectum
364 706 558 740 accurate
588 707 893 757 expresserunt
922 716 1062 758 neque
1093 716 1238 742 eorum
1271 700 1478 758 reliquiae
1508 700 1636 742 libra·

178 763 340 806 riorum
370 765 523 824 culpa,
555 767 592 808 si
623 768 757 808 solam
777 767 1005 809 dialectum
1033 775 1228 825 spectes,
1260 769 1381 809 valde
1408 774 1635 826 corruptae

179 839 295 874 sunt.
364 834 450 876 Eas
479 835 789 876 emendatiores
819 834 863 875 in
893 835 1150 892 Appendice
1181 836 1478 891 subjiciemus.
1548 836 1635 878 Ar-

178 900 386 942 chimedis
430 902 638 943 librorum
678 918 778 959 pars
808 902 1012 943 Doricam
1057 903 1286 944 dialectum
1316 919 1417 961 prae
1449 920 1495 945 se
1524 905 1632 946 fert:

178 967 279 1009 libri
310 968 362 1009 de
392 969 647 1025 quadratura
686 969 938 1027 parabolcs,
983 970 1035 1011 dc
1078 970 1306 1028 planorum
1346 971 1634 1029 aequilibriis,

179 1035 231 1077 de
261 1035 498 1090 helicibus,
544 1037 595 1078 de
626 1037 880 1078 conoidibus
921 1045 962 1079 ct
993 1038 1346 1095 sphaeroidihus,
1396 1039 1634 1081 arenarius.

181 1102 310 1156 Quod
340 1104 546 1146 dialectus
574 1104 619 1146 in
655 1105 731 1146 his
754 1105 900 1147 multis
930 1105 1180 1162 vulgaribus
1211 1106 1360 1147 formis
1390 1106 1521 1148 mixta
1552 1114 1634 1162 est,

179 1171 334 1228 partim
372 1171 511 1229 ipsius
551 1173 775 1231 scriptoris
816 1173 942 1231 culpa
982 1175 1141 1215 factum
1181 1181 1271 1228 est,
1331 1174 1455 1230 cujus
1500 1182 1635 1217 aetate

178 1238 312 1279 Doris
343 1240 469 1281 etiam
498 1241 544 1282 in
578 1241 728 1283 Sicilia
757 1240 900 1282 minus
942 1257 1048 1299 pura
1087 1248 1201 1296 crat,
1245 1242 1399 1300 partim
1440 1242 1635 1285 librario-

179 1321 275 1348 rum
305 1322 373 1348 res
402 1309 538 1365 magis
569 1325 697 1367 quam
725 1307 855 1350 verba
875 1309 1185 1366 spectantium,
1218 1310 1373 1367 partim
1403 1310 1632 1366 editorum,

180 1374 256 1431 qui
287 1375 420 1417 multa
449 1385 593 1434 aperta
622 1376 776 1418 menda
806 1393 828 1418 e
851 1377 1070 1419 codicibus
1095 1378 1310 1434 corrigere
1332 1378 1632 1434 neglexerunt.

180 1442 417 1485 Rarissime
447 1451 588 1486 tamen
618 1445 784 1486 librarii
816 1445 871 1487 ita
903 1453 1162 1503 peccarunt,
1195 1453 1242 1486 ut
1268 1445 1472 1487 ficticium
1502 1462 1636 1503 quen-

179 1509 275 1551 dam
319 1510 571 1553 Dorismum
612 1513 835 1555 inferrent.
926 1514 1075 1571 Itaque
1117 1530 1170 1555 cx
1197 1513 1460 1556 Archimede
1503 1522 1545 1556 et
1581 1514 1637 1556 iis

180 1578 243 1620 uti
275 1578 404 1634 licet,
436 1596 545 1638 quae
575 1597 599 1623 a
627 1581 793 1638 vulgari
824 1581 972 1639 lingua
1003 1581 1210 1623 recedunt
1241 1588 1282 1623 ct
1310 1580 1393 1635 iis,
1433 1597 1543 1638 quac
1573 1581 1637 1640 ip-

182 1661 277 1686 sum
317 1646 571 1705 scriptorem
610 1649 662 1691 ab
706 1650 785 1691 hac
824 1666 909 1692 non
949 1650 1116 1692 diversa
1155 1649 1382 1707 scripsisse
1426 1648 1637 1692 librorum

181 1714 420 1756 constantia
450 1717 607 1773 arg-uit.

297 1782 456 1825 Contra
484 1784 773 1838 Theocritus,
807 1785 945 1838 Bion,
973 1785 1180 1827 Moschus
1210 1784 1415 1838 minime,
1447 1783 1490 1826 id
1521 1783 1636 1842 quod

182 1848 313 1905 vulgo
342 1851 613 1906 existimant,
666 1853 934 1910 Syracusana
965 1853 1145 1895 dialecto
1178 1853 1223 1893 in
1254 1851 1514 1893 carminibus
1545 1851 1635 1893 suis

184 1916 252 1957 usi
283 1925 408 1971 sunt,
447 1919 522 1960 sed
552 1927 594 1960 et
622 1920 824 1962 Doricam
858 1921 1085 1962 dialectum
1117 1920 1324 1962 Lesbiaca
1357 1927 1483 1976 atquc
1515 1919 1637 1977 cpica

183 1990 528 2042 temperaverunt
558 1994 599 2028 ct
627 1988 741 2029 varia
770 1988 947 2029 Doridis
979 2004 1135 2045 genera
1166 2004 1218 2028 cx
1248 1987 1423 2028 arbitrio
1456 1986 1636 2028 miscue-

184 2060 312 2105 runt,
355 2053 458 2094 adeo
491 2055 648 2095 formas
677 2055 983 2112 hyperdoricas
1012 2057 1252 2109 linxerunt,
1298 2054 1472 2095 Doricis
1503 2061 1636 2095 muta-

183 2119 373 2161 tionibus
413 2122 521 2163 malc
561 2123 611 2163 ad
653 2138 700 2163 ca
741 2123 967 2177 adhibitis,
1012 2140 1118 2180 quac
1149 2123 1290 2164 Dores
1331 2139 1427 2163 cnm
1467 2121 1636 2178 vulgari

183 2186 331 2243 lingua
363 2190 601 2231 communia
632 2190 803 2231 habent.
864 2191 1123 2232 Acciri-atius
1155 2192 1205 2232 dc
1230 2190 1524 2231 bucolicorum
1548 2189 1637 2230 dia·

183 2254 295 2297 lccto
326 2256 370 2296 in
402 2265 608 2314 sequente
638 2258 749 2299 libro
789 2275 992 2315 agennum,
1054 2276 1167 2300 nnnc
1207 2259 1391 2299 rariores
1433 2256 1636 2314 quasdam

183 2322 251 2363 vel
282 2324 505 2366 universae
536 2325 714 2367 Doridis
750 2327 816 2367 vel
850 2327 1143 2384 Syracusanae
1177 2326 1347 2367 dialecti
1380 2326 1536 2367 forinas
1566 2339 1635 2366 co-

183 2405 276 2430 rum
307 2407 388 2449 ope
417 2392 740 2434 illustr-abimus.

228 2515 263 2557 2)
313 2516 555 2559 Epicharmus
581 2527 611 2552 οι
642 2518 811 2563 Sophron
848 2518 999 2565 ‹is-npe'wfi
1034 2521 1085 2552 καὶ
1117 2522 1289 2567 χθαμαλῇ
1315 2521 1443 2564 Δωρίδι
1475 2522 1635 2565 χρῆσθαι

184 2569 357 2606 dicnmnr
393 2575 427 2608 in
456 2577 546 2618 Arg.
580 2577 736 2610 'I'hcm-r.
779 2578 817 2610 ld
860 2578 893 2618 l,
932 2579 1176 2622 ripn-hasnum
1213 2577 1348 2611 Dorice
1384 2578 1577 2621 scripsisse
1614 2587 1633 2610 a

182 2631 453 2669 gramn1.L‹:id.
484 2637 572 2675 6353
601 2634 645 2667 dc
659 2635 852 2679 Sophronis:
881 2635 938 2668 vid
980 2636 1006 2675 δ
1037 2639 1045 2668 Ι
1079 2638 1200 2669 mmo.
1250 2635 1367 2677 Saepe
1391 2635 1486 2678 apud
1513 2644 1632 2677 gram-

184 2686 334 2720 maticos
372 2689 407 2723 in
443 2691 601 2736 singulis
629 2692 789 2726 Doricae
831 2693 885 2725 vel
917 2693 1173 2738 §wa-nsaiwi*
1199 2692 1349 2727 dialecti
1375 2700 1540 2726 auctores
1567 2692 1631 2726 ha-

185 2742 326 2778 hemur.
