<?xml version="1.0" encoding="UTF-8"?>
<!DOCTYPE html PUBLIC "-//W3C//DTD XHTML 1.0 Transitional//EN"
    "http://www.w3.org/TR/xhtml1/DTD/xhtml1-transitional.dtd">
<html xmlns="http://www.w3.org/1999/xhtml" xml:lang="en" lang="en">
 <head>
  <title>
</title>
<meta http-equiv="Content-Type" content="text/html;charset=utf-8" />
  <meta name='ocr-system' content='tesseract 3.04.00' />
  <meta name='ocr-capabilities' content='ocr_page ocr_carea ocr_par ocr_line ocrx_word'/>
</head>
<body>
  <div class='ocr_page' id='page_1' title='image "./degraecaelinguae01ahreuoft_0573.png"; bbox 0 0 1779 3079; ppageno 0'>
   <div class='ocr_carea' id='block_1_1' title="bbox 201 203 1513 273">
    <p class='ocr_par' dir='ltr' id='par_1_1' title="bbox 201 203 1513 273">
     <span class='ocr_line' id='line_1_1' title="bbox 201 203 1513 273; baseline -0.006 -14"><span class='ocrx_word' id='word_1_1' title='bbox 201 212 241 271; x_wconf 55' lang='grc' dir='ltr'>ἕ.</span> <span class='ocrx_word' id='word_1_2' title='bbox 264 212 345 261; x_wconf 78' lang='lat'>32.</span> <span class='ocrx_word' id='word_1_3' title='bbox 382 213 456 259; x_wconf 88' lang='lat' dir='ltr'>De</span> <span class='ocrx_word' id='word_1_4' title='bbox 488 206 853 273; x_wconf 78' lang='lat' dir='ltr'>pronominibus</span> <span class='ocrx_word' id='word_1_5' title='bbox 879 223 1066 269; x_wconf 87' lang='lat' dir='ltr'>person.</span> <span class='ocrx_word' id='word_1_6' title='bbox 1096 214 1141 252; x_wconf 88' lang='lat' dir='ltr'>et</span> <span class='ocrx_word' id='word_1_7' title='bbox 1164 220 1361 267; x_wconf 86' lang='lat' dir='ltr'><strong>possess.</strong></span> <span class='ocrx_word' id='word_1_8' title='bbox 1413 203 1513 251; x_wconf 85' lang='grc'>249</span> 
     </span>
    </p>
   </div>
   <div class='ocr_carea' id='block_1_2' title="bbox 176 337 1513 558">
    <p class='ocr_par' dir='ltr' id='par_1_2' title="bbox 176 337 1513 558">
     <span class='ocr_line' id='line_1_2' title="bbox 178 337 1482 403; baseline -0.008 -13"><span class='ocrx_word' id='word_1_9' title='bbox 178 349 334 401; x_wconf 76' lang='grc' dir='ltr'>ἐμοῦς</span> <span class='ocrx_word' id='word_1_10' title='bbox 355 347 390 400; x_wconf 87' lang='lat'>⁷)</span> <span class='ocrx_word' id='word_1_11' title='bbox 423 346 789 403; x_wconf 75' lang='lat' dir='ltr'><strong>Syracusanorum</strong></span> <span class='ocrx_word' id='word_1_12' title='bbox 819 340 1055 383; x_wconf 85' lang='lat' dir='ltr'>secundum</span> <span class='ocrx_word' id='word_1_13' title='bbox 1085 340 1293 397; x_wconf 89' lang='lat' dir='ltr'>Apollou.</span> <span class='ocrx_word' id='word_1_14' title='bbox 1327 339 1397 382; x_wconf 87' lang='lat'>94.</span> <span class='ocrx_word' id='word_1_15' title='bbox 1432 337 1482 379; x_wconf 87' lang='lat' dir='ltr'>C.</span> 
     </span>
     <span class='ocr_line' id='line_1_3' title="bbox 176 418 1354 479; baseline -0.007 -12"><span class='ocrx_word' id='word_1_16' title='bbox 176 445 271 479; x_wconf 87' lang='grc' dir='ltr'>μου</span> <span class='ocrx_word' id='word_1_17' title='bbox 305 425 551 468; x_wconf 88' lang='lat' dir='ltr'>encliticum</span> <span class='ocrx_word' id='word_1_18' title='bbox 584 423 719 464; x_wconf 86' lang='lat' dir='ltr'>Ther.</span> <span class='ocrx_word' id='word_1_19' title='bbox 751 420 878 463; x_wconf 79' lang='grc'><strong>2448.</strong></span> <span class='ocrx_word' id='word_1_20' title='bbox 912 420 980 467; x_wconf 91' lang='lat' dir='ltr'>lI,</span> <span class='ocrx_word' id='word_1_21' title='bbox 1014 420 1068 461; x_wconf 78' lang='lat'>32</span> <span class='ocrx_word' id='word_1_22' title='bbox 1098 427 1140 461; x_wconf 89' lang='lat' dir='ltr'>ct</span> <span class='ocrx_word' id='word_1_23' title='bbox 1170 418 1354 476; x_wconf 80' lang='lat' dir='ltr'>saepius.</span> 
     </span>
     <span class='ocr_line' id='line_1_4' title="bbox 179 496 1513 558; baseline -0.006 -12"><span class='ocrx_word' id='word_1_24' title='bbox 179 507 332 557; x_wconf 71' lang='grc' dir='ltr'>ἐμεῦς</span> <span class='ocrx_word' id='word_1_25' title='bbox 362 504 571 546; x_wconf 87' lang='lat' dir='ltr'>Doricum</span> <span class='ocrx_word' id='word_1_26' title='bbox 612 500 725 558; x_wconf 84' lang='lat' dir='ltr'>apud</span> <span class='ocrx_word' id='word_1_27' title='bbox 763 498 1069 556; x_wconf 74' lang='lat' dir='ltr'>Epicharmium</span> <span class='ocrx_word' id='word_1_28' title='bbox 1109 498 1344 539; x_wconf 87' lang='lat' dir='ltr'>secundum</span> <span class='ocrx_word' id='word_1_29' title='bbox 1376 496 1513 554; x_wconf 86' lang='lat' dir='ltr'>Apol-</span> 
     </span>
    </p>
   </div>
   <div class='ocr_carea' id='block_1_3' title="bbox 66 573 1514 778">
    <p class='ocr_par' dir='ltr' id='par_1_3' title="bbox 66 573 1514 778">
     <span class='ocr_line' id='line_1_5' title="bbox 66 573 346 616; baseline -0.007 0"><span class='ocrx_word' id='word_1_30' title='bbox 66 574 155 616; x_wconf 89' lang='lat' dir='ltr'>lon.</span> <span class='ocrx_word' id='word_1_31' title='bbox 186 575 256 616; x_wconf 81' lang='lat'>95.</span> <span class='ocrx_word' id='word_1_32' title='bbox 289 573 346 614; x_wconf 85' lang='lat' dir='ltr'>A.</span> 
     </span>
     <span class='ocr_line' id='line_1_6' title="bbox 179 642 1514 706; baseline -0.005 -14"><span class='ocrx_word' id='word_1_33' title='bbox 179 650 358 705; x_wconf 71' lang='grc' dir='ltr'>ἐμεῦὸ)</span> <span class='ocrx_word' id='word_1_34' title='bbox 401 665 424 691; x_wconf 91' lang='lat' dir='ltr'>e</span> <span class='ocrx_word' id='word_1_35' title='bbox 471 648 695 706; x_wconf 87' lang='lat' dir='ltr'>Sophrone</span> <span class='ocrx_word' id='word_1_36' title='bbox 735 648 788 689; x_wconf 80' lang='lat' dir='ltr'><strong>fr.</strong></span> <span class='ocrx_word' id='word_1_37' title='bbox 820 646 875 688; x_wconf 81' lang='lat'>64</span> <span class='ocrx_word' id='word_1_38' title='bbox 917 652 964 686; x_wconf 90' lang='lat' dir='ltr'>ut</span> <span class='ocrx_word' id='word_1_39' title='bbox 1002 642 1209 686; x_wconf 85' lang='lat' dir='ltr'>Doricum</span> <span class='ocrx_word' id='word_1_40' title='bbox 1250 644 1423 685; x_wconf 82' lang='lat' dir='ltr'>affertur</span> <span class='ocrx_word' id='word_1_41' title='bbox 1462 644 1514 685; x_wconf 87' lang='lat' dir='ltr'>ab</span> 
     </span>
     <span class='ocr_line' id='line_1_7' title="bbox 67 710 1512 778; baseline -0.006 -16"><span class='ocrx_word' id='word_1_42' title='bbox 67 720 304 778; x_wconf 87' lang='lat' dir='ltr'>Apollonio</span> <span class='ocrx_word' id='word_1_43' title='bbox 332 734 375 775; x_wconf 90' lang='lat' dir='ltr'><strong>p.</strong></span> <span class='ocrx_word' id='word_1_44' title='bbox 409 717 478 760; x_wconf 79' lang='lat'>82.</span> <span class='ocrx_word' id='word_1_45' title='bbox 513 716 562 758; x_wconf 92' lang='lat' dir='ltr'>C.</span> <span class='ocrx_word' id='word_1_46' title='bbox 624 717 743 758; x_wconf 83' lang='lat' dir='ltr'>Idem</span> <span class='ocrx_word' id='word_1_47' title='bbox 774 715 937 773; x_wconf 76' lang='lat' dir='ltr'>legitur</span> <span class='ocrx_word' id='word_1_48' title='bbox 966 713 1155 754; x_wconf 89' lang='lat' dir='ltr'>Theocr.</span> <span class='ocrx_word' id='word_1_49' title='bbox 1187 710 1314 763; x_wconf 86' lang='lat' dir='ltr'>XIV,</span> <span class='ocrx_word' id='word_1_50' title='bbox 1346 713 1400 753; x_wconf 77' lang='lat'>27</span> <span class='ocrx_word' id='word_1_51' title='bbox 1431 719 1512 753; x_wconf 88' lang='lat' dir='ltr'>etc.</span> 
     </span>
    </p>
   </div>
   <div class='ocr_carea' id='block_1_4' title="bbox 65 788 1517 924">
    <p class='ocr_par' dir='ltr' id='par_1_4' title="bbox 65 788 1517 924">
     <span class='ocr_line' id='line_1_8' title="bbox 177 788 1517 850; baseline -0.004 -12"><span class='ocrx_word' id='word_1_52' title='bbox 177 814 267 850; x_wconf 78' lang='grc' dir='ltr'>μευ</span> <span class='ocrx_word' id='word_1_53' title='bbox 307 796 557 838; x_wconf 75' lang='lat' dir='ltr'>encliticum</span> <span class='ocrx_word' id='word_1_54' title='bbox 597 796 730 837; x_wconf 87' lang='lat' dir='ltr'><strong>Ther.</strong></span> <span class='ocrx_word' id='word_1_55' title='bbox 773 794 900 837; x_wconf 79' lang='lat'><strong>2448.</strong></span> <span class='ocrx_word' id='word_1_56' title='bbox 945 792 1038 845; x_wconf 87' lang='lat'>111,</span> <span class='ocrx_word' id='word_1_57' title='bbox 1069 791 1122 840; x_wconf 84' lang='lat'>9,</span> <span class='ocrx_word' id='word_1_58' title='bbox 1183 788 1226 830; x_wconf 86' lang='lat' dir='ltr'>in</span> <span class='ocrx_word' id='word_1_59' title='bbox 1268 805 1354 848; x_wconf 86' lang='lat' dir='ltr'>quo</span> <span class='ocrx_word' id='word_1_60' title='bbox 1391 790 1517 833; x_wconf 89' lang='lat' dir='ltr'>titulo</span> 
     </span>
     <span class='ocr_line' id='line_1_9' title="bbox 65 858 1336 924; baseline -0.008 -17"><span class='ocrx_word' id='word_1_61' title='bbox 65 873 282 924; x_wconf 79' lang='lat' dir='ltr'>praetcrea</span> <span class='ocrx_word' id='word_1_62' title='bbox 313 881 390 916; x_wconf 85' lang='grc' dir='ltr'>μου</span> <span class='ocrx_word' id='word_1_63' title='bbox 420 864 634 917; x_wconf 81' lang='lat' dir='ltr'>traditur,</span> <span class='ocrx_word' id='word_1_64' title='bbox 667 872 708 905; x_wconf 88' lang='lat' dir='ltr'>et</span> <span class='ocrx_word' id='word_1_65' title='bbox 737 878 862 921; x_wconf 84' lang='lat' dir='ltr'><strong>saepe</strong></span> <span class='ocrx_word' id='word_1_66' title='bbox 892 860 1006 919; x_wconf 81' lang='lat' dir='ltr'>apud</span> <span class='ocrx_word' id='word_1_67' title='bbox 1037 858 1336 900; x_wconf 81' lang='lat' dir='ltr'>Theocritum.</span> 
     </span>
    </p>
   </div>
   <div class='ocr_carea' id='block_1_5' title="bbox 176 936 1517 1273">
    <p class='ocr_par' dir='ltr' id='par_1_5' title="bbox 178 936 1425 1064">
     <span class='ocr_line' id='line_1_10' title="bbox 179 936 1425 999; baseline -0.005 -15"><span class='ocrx_word' id='word_1_68' title='bbox 179 945 289 997; x_wconf 76' lang='grc' dir='ltr'>ἐμίο</span> <span class='ocrx_word' id='word_1_69' title='bbox 322 960 345 985; x_wconf 88' lang='lat' dir='ltr'>e</span> <span class='ocrx_word' id='word_1_70' title='bbox 376 943 630 985; x_wconf 89' lang='lat' dir='ltr'>Rhinthoue</span> <span class='ocrx_word' id='word_1_71' title='bbox 659 942 712 984; x_wconf 80' lang='lat' dir='ltr'>ab</span> <span class='ocrx_word' id='word_1_72' title='bbox 742 940 981 999; x_wconf 91' lang='lat' dir='ltr'>Apollonio</span> <span class='ocrx_word' id='word_1_73' title='bbox 1012 939 1152 982; x_wconf 82' lang='lat' dir='ltr'>afferri</span> <span class='ocrx_word' id='word_1_74' title='bbox 1182 938 1353 982; x_wconf 86' lang='lat' dir='ltr'>videtur</span> <span class='ocrx_word' id='word_1_75' title='bbox 1373 936 1425 993; x_wconf 83' lang='lat'>⁹).</span> 
     </span>
     <span class='ocr_line' id='line_1_11' title="bbox 178 1010 787 1064; baseline 0 -12"><span class='ocrx_word' id='word_1_76' title='bbox 178 1013 299 1064; x_wconf 71' lang='grc' dir='ltr'>ἐμίω</span> <span class='ocrx_word' id='word_1_77' title='bbox 322 1013 356 1064; x_wconf 80' lang='lat'>⁹)</span> <span class='ocrx_word' id='word_1_78' title='bbox 389 1011 580 1053; x_wconf 83' lang='lat' dir='ltr'>indidem</span> <span class='ocrx_word' id='word_1_79' title='bbox 611 1010 787 1053; x_wconf 84' lang='lat' dir='ltr'>ibidem.</span> 
     </span>
    </p>

    <p class='ocr_par' dir='ltr' id='par_1_6' title="bbox 176 1077 539 1135">
     <span class='ocr_line' id='line_1_12' title="bbox 176 1077 539 1135; baseline -0.003 -14"><span class='ocrx_word' id='word_1_80' title='bbox 176 1081 333 1133; x_wconf 73' lang='grc' dir='ltr'><em>ἒμίως</em></span> <span class='ocrx_word' id='word_1_81' title='bbox 354 1077 389 1135; x_wconf 85' lang='lat'>⁹)</span> <span class='ocrx_word' id='word_1_82' title='bbox 422 1079 539 1122; x_wconf 80' lang='lat' dir='ltr'>item.</span> 
     </span>
    </p>

    <p class='ocr_par' dir='ltr' id='par_1_7' title="bbox 177 1148 458 1201">
     <span class='ocr_line' id='line_1_13' title="bbox 177 1148 458 1201; baseline -0.004 -13"><span class='ocrx_word' id='word_1_83' title='bbox 177 1149 309 1201; x_wconf 70' lang='grc' dir='ltr'><em>ἐμαῖς</em></span> <span class='ocrx_word' id='word_1_84' title='bbox 340 1148 458 1189; x_wconf 87' lang='lat' dir='ltr'>item.</span> 
     </span>
    </p>

    <p class='ocr_par' dir='ltr' id='par_1_8' title="bbox 179 1209 1517 1273">
     <span class='ocr_line' id='line_1_14' title="bbox 179 1209 1517 1273; baseline -0.003 -17"><span class='ocrx_word' id='word_1_85' title='bbox 179 1217 335 1269; x_wconf 75' lang='grc' dir='ltr'>μεθέν</span> <span class='ocrx_word' id='word_1_86' title='bbox 379 1215 628 1257; x_wconf 79' lang='lat' dir='ltr'>encliticam</span> <span class='ocrx_word' id='word_1_87' title='bbox 674 1214 785 1273; x_wconf 82' lang='lat' dir='ltr'>apud</span> <span class='ocrx_word' id='word_1_88' title='bbox 828 1213 1150 1272; x_wconf 75' lang='lat' dir='ltr'>Syracusanos,</span> <span class='ocrx_word' id='word_1_89' title='bbox 1212 1211 1329 1271; x_wconf 88' lang='lat' dir='ltr'>quod</span> <span class='ocrx_word' id='word_1_90' title='bbox 1372 1226 1395 1252; x_wconf 85' lang='lat' dir='ltr'>e</span> <span class='ocrx_word' id='word_1_91' title='bbox 1441 1209 1517 1253; x_wconf 91' lang='lat' dir='ltr'>So-</span> 
     </span>
    </p>
   </div>
   <div class='ocr_carea' id='block_1_6' title="bbox 65 1278 1433 1342">
    <p class='ocr_par' dir='ltr' id='par_1_9' title="bbox 65 1278 1433 1342">
     <span class='ocr_line' id='line_1_15' title="bbox 65 1278 1433 1342; baseline -0.004 -18"><span class='ocrx_word' id='word_1_92' title='bbox 65 1284 229 1342; x_wconf 84' lang='lat' dir='ltr'>phrone</span> <span class='ocrx_word' id='word_1_93' title='bbox 260 1284 313 1324; x_wconf 81' lang='lat' dir='ltr'><strong>fr.</strong></span> <span class='ocrx_word' id='word_1_94' title='bbox 348 1284 402 1325; x_wconf 78' lang='lat'>46</span> <span class='ocrx_word' id='word_1_95' title='bbox 432 1283 700 1342; x_wconf 87' lang='lat' dir='ltr'>Apollonius</span> <span class='ocrx_word' id='word_1_96' title='bbox 730 1284 851 1325; x_wconf 80' lang='lat' dir='ltr'>affert</span> <span class='ocrx_word' id='word_1_97' title='bbox 876 1300 920 1341; x_wconf 88' lang='lat' dir='ltr'>p.</span> <span class='ocrx_word' id='word_1_98' title='bbox 953 1283 1022 1326; x_wconf 87' lang='lat'>83.</span> <span class='ocrx_word' id='word_1_99' title='bbox 1059 1282 1093 1323; x_wconf 90' lang='lat' dir='ltr'>C</span> <span class='ocrx_word' id='word_1_100' title='bbox 1126 1288 1167 1323; x_wconf 89' lang='lat' dir='ltr'>et</span> <span class='ocrx_word' id='word_1_101' title='bbox 1196 1297 1240 1339; x_wconf 88' lang='lat' dir='ltr'>p.</span> <span class='ocrx_word' id='word_1_102' title='bbox 1271 1280 1342 1323; x_wconf 88' lang='grc'><strong>98.</strong></span> <span class='ocrx_word' id='word_1_103' title='bbox 1378 1278 1433 1320; x_wconf 88' lang='grc' dir='ltr'><strong>Α.</strong></span> 
     </span>
    </p>
   </div>
   <div class='ocr_carea' id='block_1_7' title="bbox 63 1362 1517 1826">
    <p class='ocr_par' dir='ltr' id='par_1_10' title="bbox 147 1362 1014 1421">
     <span class='ocr_line' id='line_1_16' title="bbox 147 1362 1014 1421; baseline -0.001 -17"><span class='ocrx_word' id='word_1_104' title='bbox 147 1362 191 1411; x_wconf 87' lang='lat' dir='ltr'>h)</span> <span class='ocrx_word' id='word_1_105' title='bbox 253 1362 481 1405; x_wconf 83' lang='lat' dir='ltr'>Secundae</span> <span class='ocrx_word' id='word_1_106' title='bbox 512 1378 723 1421; x_wconf 80' lang='lat' dir='ltr'>personae</span> <span class='ocrx_word' id='word_1_107' title='bbox 754 1364 858 1404; x_wconf 89' lang='lat' dir='ltr'>haec</span> <span class='ocrx_word' id='word_1_108' title='bbox 889 1370 1014 1404; x_wconf 84' lang='lat' dir='ltr'>sunt:</span> 
     </span>
    </p>

    <p class='ocr_par' dir='ltr' id='par_1_11' title="bbox 63 1424 1517 1620">
     <span class='ocr_line' id='line_1_17' title="bbox 177 1424 1517 1489; baseline -0.004 -18"><span class='ocrx_word' id='word_1_109' title='bbox 177 1430 297 1478; x_wconf 67' lang='grc' dir='ltr'>τεός</span> <span class='ocrx_word' id='word_1_110' title='bbox 334 1430 581 1473; x_wconf 87' lang='lat' dir='ltr'>encliticum</span> <span class='ocrx_word' id='word_1_111' title='bbox 624 1447 647 1473; x_wconf 88' lang='lat' dir='ltr'>e</span> <span class='ocrx_word' id='word_1_112' title='bbox 678 1430 905 1489; x_wconf 89' lang='lat' dir='ltr'>Sophrone</span> <span class='ocrx_word' id='word_1_113' title='bbox 942 1431 997 1472; x_wconf 83' lang='lat' dir='ltr'><strong>fr.</strong></span> <span class='ocrx_word' id='word_1_114' title='bbox 1028 1429 1083 1472; x_wconf 87' lang='lat'>75</span> <span class='ocrx_word' id='word_1_115' title='bbox 1123 1428 1175 1470; x_wconf 84' lang='lat' dir='ltr'>ab</span> <span class='ocrx_word' id='word_1_116' title='bbox 1205 1424 1445 1485; x_wconf 87' lang='lat' dir='ltr'>Apollonio</span> <span class='ocrx_word' id='word_1_117' title='bbox 1473 1442 1517 1483; x_wconf 90' lang='lat' dir='ltr'>p.</span> 
     </span>
     <span class='ocr_line' id='line_1_18' title="bbox 63 1496 1516 1556; baseline -0.006 -14"><span class='ocrx_word' id='word_1_118' title='bbox 63 1498 133 1542; x_wconf 81' lang='lat'>95.</span> <span class='ocrx_word' id='word_1_119' title='bbox 168 1498 203 1540; x_wconf 91' lang='lat' dir='ltr'>C</span> <span class='ocrx_word' id='word_1_120' title='bbox 244 1500 434 1540; x_wconf 80' lang='lat' dir='ltr'>affertur.</span> <span class='ocrx_word' id='word_1_121' title='bbox 507 1498 725 1541; x_wconf 86' lang='lat' dir='ltr'>Convenit</span> <span class='ocrx_word' id='word_1_122' title='bbox 764 1499 877 1556; x_wconf 83' lang='lat' dir='ltr'>apud</span> <span class='ocrx_word' id='word_1_123' title='bbox 915 1497 1183 1555; x_wconf 71' lang='lat' dir='ltr'>Hesychium</span> <span class='ocrx_word' id='word_1_124' title='bbox 1225 1496 1363 1550; x_wconf 70' lang='grc' dir='ltr'>τεόρ,</span> <span class='ocrx_word' id='word_1_125' title='bbox 1412 1496 1516 1535; x_wconf 83' lang='grc' dir='ltr'>σοῦ·</span> 
     </span>
     <span class='ocr_line' id='line_1_19' title="bbox 65 1566 517 1620; baseline 0 -12"><span class='ocrx_word' id='word_1_126' title='bbox 65 1569 250 1620; x_wconf 62' lang='grc' dir='ltr'>[ι’ριῖτες,</span> <span class='ocrx_word' id='word_1_127' title='bbox 283 1566 370 1608; x_wconf 86' lang='lat' dir='ltr'>vid.</span> <span class='ocrx_word' id='word_1_128' title='bbox 402 1566 443 1620; x_wconf 62' lang='grc' dir='ltr'><strong>ξ.</strong></span> <span class='ocrx_word' id='word_1_129' title='bbox 475 1568 517 1610; x_wconf 84' lang='grc'><strong>9.</strong></span> 
     </span>
    </p>

    <p class='ocr_par' dir='ltr' id='par_1_12' title="bbox 65 1630 1517 1760">
     <span class='ocr_line' id='line_1_20' title="bbox 178 1630 1517 1690; baseline -0.002 -16"><span class='ocrx_word' id='word_1_130' title='bbox 178 1635 262 1675; x_wconf 65' lang='grc' dir='ltr'>τέο</span> <span class='ocrx_word' id='word_1_131' title='bbox 303 1633 514 1676; x_wconf 83' lang='lat' dir='ltr'>Doricum</span> <span class='ocrx_word' id='word_1_132' title='bbox 553 1649 606 1675; x_wconf 80' lang='lat' dir='ltr'>ex</span> <span class='ocrx_word' id='word_1_133' title='bbox 642 1634 854 1676; x_wconf 79' lang='lat' dir='ltr'>Alcmanc</span> <span class='ocrx_word' id='word_1_134' title='bbox 894 1633 948 1675; x_wconf 80' lang='lat' dir='ltr'><strong>fr.</strong></span> <span class='ocrx_word' id='word_1_135' title='bbox 979 1632 1034 1675; x_wconf 86' lang='grc'>67</span> <span class='ocrx_word' id='word_1_136' title='bbox 1063 1632 1143 1676; x_wconf 89' lang='lat' dir='ltr'>W.</span> <span class='ocrx_word' id='word_1_137' title='bbox 1184 1631 1300 1690; x_wconf 81' lang='lat' dir='ltr'>apud</span> <span class='ocrx_word' id='word_1_138' title='bbox 1339 1630 1517 1688; x_wconf 86' lang='lat' dir='ltr'>Apollo-</span> 
     </span>
     <span class='ocr_line' id='line_1_21' title="bbox 65 1701 441 1760; baseline 0 -17"><span class='ocrx_word' id='word_1_139' title='bbox 65 1701 187 1743; x_wconf 84' lang='lat' dir='ltr'>nium</span> <span class='ocrx_word' id='word_1_140' title='bbox 216 1718 260 1760; x_wconf 88' lang='lat' dir='ltr'>p.</span> <span class='ocrx_word' id='word_1_141' title='bbox 286 1702 356 1744; x_wconf 85' lang='grc'><strong>96.</strong></span> <span class='ocrx_word' id='word_1_142' title='bbox 388 1701 441 1743; x_wconf 86' lang='grc' dir='ltr'>Β,</span> 
     </span>
    </p>

    <p class='ocr_par' dir='ltr' id='par_1_13' title="bbox 177 1764 1517 1826">
     <span class='ocr_line' id='line_1_22' title="bbox 177 1764 1517 1826; baseline -0.002 -17"><span class='ocrx_word' id='word_1_143' title='bbox 177 1772 327 1817; x_wconf 76' lang='grc' dir='ltr'>τεοῦς</span> <span class='ocrx_word' id='word_1_144' title='bbox 371 1786 394 1811; x_wconf 89' lang='lat' dir='ltr'>e</span> <span class='ocrx_word' id='word_1_145' title='bbox 440 1768 665 1826; x_wconf 84' lang='lat' dir='ltr'>Sophrone</span> <span class='ocrx_word' id='word_1_146' title='bbox 709 1769 762 1810; x_wconf 82' lang='lat' dir='ltr'><strong>fr.</strong></span> <span class='ocrx_word' id='word_1_147' title='bbox 804 1769 860 1812; x_wconf 79' lang='lat'>27</span> <span class='ocrx_word' id='word_1_148' title='bbox 906 1769 958 1810; x_wconf 80' lang='lat' dir='ltr'>ab</span> <span class='ocrx_word' id='word_1_149' title='bbox 1002 1767 1242 1826; x_wconf 88' lang='lat' dir='ltr'>Apollonio</span> <span class='ocrx_word' id='word_1_150' title='bbox 1284 1783 1327 1825; x_wconf 90' lang='lat' dir='ltr'><strong>p.</strong></span> <span class='ocrx_word' id='word_1_151' title='bbox 1368 1764 1437 1808; x_wconf 84' lang='lat'><strong>95.</strong></span> <span class='ocrx_word' id='word_1_152' title='bbox 1482 1764 1517 1806; x_wconf 91' lang='lat' dir='ltr'>C</span> 
     </span>
    </p>
   </div>
   <div class='ocr_carea' id='block_1_8' title="bbox 66 1834 1519 1892">
    <p class='ocr_par' dir='ltr' id='par_1_14' title="bbox 66 1834 1519 1892">
     <span class='ocr_line' id='line_1_23' title="bbox 66 1834 1519 1892; baseline -0.003 -14"><span class='ocrx_word' id='word_1_153' title='bbox 66 1844 420 1879; x_wconf 83' lang='lat' dir='ltr'>commemoratur</span> <span class='ocrx_word' id='word_1_154' title='bbox 462 1846 504 1879; x_wconf 87' lang='lat' dir='ltr'>et</span> <span class='ocrx_word' id='word_1_155' title='bbox 533 1836 770 1879; x_wconf 85' lang='lat' dir='ltr'>Theocrito</span> <span class='ocrx_word' id='word_1_156' title='bbox 800 1837 893 1892; x_wconf 75' lang='lat' dir='ltr'>XI,</span> <span class='ocrx_word' id='word_1_157' title='bbox 924 1837 978 1880; x_wconf 79' lang='lat'>25</span> <span class='ocrx_word' id='word_1_158' title='bbox 1009 1852 1033 1878; x_wconf 91' lang='lat' dir='ltr'>e</span> <span class='ocrx_word' id='word_1_159' title='bbox 1062 1835 1287 1878; x_wconf 87' lang='lat' dir='ltr'>codicibus</span> <span class='ocrx_word' id='word_1_160' title='bbox 1316 1834 1372 1877; x_wconf 77' lang='lat' dir='ltr'>K.</span> <span class='ocrx_word' id='word_1_161' title='bbox 1396 1849 1435 1876; x_wconf 91' lang='lat' dir='ltr'>e.</span> <span class='ocrx_word' id='word_1_162' title='bbox 1477 1839 1519 1875; x_wconf 86' lang='lat' dir='ltr'>et</span> 
     </span>
    </p>
   </div>
   <div class='ocr_carea' id='block_1_9' title="bbox 63 1965 299 1970">
    <p class='ocr_par' dir='ltr' id='par_1_15' title="bbox 63 1965 299 1970">
     <span class='ocr_line' id='line_1_24' title="bbox 63 1965 299 1970; baseline 0 0"><span class='ocrx_word' id='word_1_163' title='bbox 63 1965 299 1970; x_wconf 95' lang='lat' dir='ltr'> </span> 
     </span>
    </p>
   </div>
   <div class='ocr_carea' id='block_1_10' title="bbox 65 2041 1518 2608">
    <p class='ocr_par' dir='ltr' id='par_1_16' title="bbox 65 2041 1517 2148">
     <span class='ocr_line' id='line_1_25' title="bbox 111 2041 1517 2088; baseline -0.005 -8"><span class='ocrx_word' id='word_1_164' title='bbox 111 2046 146 2086; x_wconf 84' lang='lat'>7)</span> <span class='ocrx_word' id='word_1_165' title='bbox 195 2044 378 2079; x_wconf 84' lang='lat' dir='ltr'>Priscian.</span> <span class='ocrx_word' id='word_1_166' title='bbox 415 2044 431 2078; x_wconf 98' lang='lat' dir='ltr'>l</span> <span class='ocrx_word' id='word_1_167' title='bbox 467 2056 502 2088; x_wconf 85' lang='lat' dir='ltr'><strong>p.</strong></span> <span class='ocrx_word' id='word_1_168' title='bbox 529 2047 593 2079; x_wconf 70' lang='lat'>551</span> <span class='ocrx_word' id='word_1_169' title='bbox 624 2046 713 2080; x_wconf 84' lang='lat' dir='ltr'><strong>Kr.:</strong></span> <span class='ocrx_word' id='word_1_170' title='bbox 767 2044 891 2088; x_wconf 82' lang='lat' dir='ltr'>„apud</span> <span class='ocrx_word' id='word_1_171' title='bbox 919 2044 1006 2078; x_wconf 86' lang='lat' dir='ltr'>illos</span> <span class='ocrx_word' id='word_1_172' title='bbox 1033 2043 1129 2077; x_wconf 78' lang='lat' dir='ltr'>enim</span> <span class='ocrx_word' id='word_1_173' title='bbox 1156 2044 1350 2083; x_wconf 84' lang='lat' dir='ltr'>(Graecos)</span> <span class='ocrx_word' id='word_1_174' title='bbox 1376 2041 1457 2081; x_wconf 76' lang='grc' dir='ltr'>ἐμοῦ</span> <span class='ocrx_word' id='word_1_175' title='bbox 1483 2046 1517 2073; x_wconf 80' lang='lat' dir='ltr'>et</span> 
     </span>
     <span class='ocr_line' id='line_1_26' title="bbox 65 2096 1401 2148; baseline -0.001 -13"><span class='ocrx_word' id='word_1_176' title='bbox 65 2102 164 2142; x_wconf 69' lang='grc' dir='ltr'>ἔμοῦς</span> <span class='ocrx_word' id='word_1_177' title='bbox 191 2102 350 2144; x_wconf 79' lang='lat' dir='ltr'>Dorice,</span> <span class='ocrx_word' id='word_1_178' title='bbox 377 2104 437 2135; x_wconf 72' lang='grc' dir='ltr'>σοῦ</span> <span class='ocrx_word' id='word_1_179' title='bbox 465 2110 499 2135; x_wconf 80' lang='lat' dir='ltr'>et</span> <span class='ocrx_word' id='word_1_180' title='bbox 526 2106 603 2141; x_wconf 78' lang='grc' dir='ltr'>σοῦς</span> <span class='ocrx_word' id='word_1_181' title='bbox 632 2102 770 2148; x_wconf 81' lang='lat' dir='ltr'>(potius</span> <span class='ocrx_word' id='word_1_182' title='bbox 794 2104 928 2144; x_wconf 48' lang='lat' dir='ltr'>voigi,</span> <span class='ocrx_word' id='word_1_183' title='bbox 954 2097 994 2137; x_wconf 62' lang='grc' dir='ltr'>οἷν</span> <span class='ocrx_word' id='word_1_184' title='bbox 1019 2109 1055 2136; x_wconf 85' lang='lat' dir='ltr'>et</span> <span class='ocrx_word' id='word_1_185' title='bbox 1080 2096 1138 2138; x_wconf 70' lang='grc' dir='ltr'>οῗνς</span> <span class='ocrx_word' id='word_1_186' title='bbox 1164 2101 1239 2134; x_wconf 88' lang='lat' dir='ltr'>dici</span> <span class='ocrx_word' id='word_1_187' title='bbox 1266 2101 1401 2134; x_wconf 79' lang='lat' dir='ltr'>solet.“</span> 
     </span>
    </p>

    <p class='ocr_par' dir='ltr' id='par_1_17' title="bbox 68 2156 1514 2260">
     <span class='ocr_line' id='line_1_27' title="bbox 111 2156 1514 2204; baseline -0.005 -10"><span class='ocrx_word' id='word_1_188' title='bbox 111 2159 148 2194; x_wconf 64' lang='grc' dir='ltr'>Β)</span> <span class='ocrx_word' id='word_1_189' title='bbox 196 2159 394 2193; x_wconf 70' lang='lat' dir='ltr'>Praeterea</span> <span class='ocrx_word' id='word_1_190' title='bbox 427 2159 604 2193; x_wconf 89' lang='lat' dir='ltr'>Doricum</span> <span class='ocrx_word' id='word_1_191' title='bbox 641 2160 778 2194; x_wconf 86' lang='lat' dir='ltr'>dicitur</span> <span class='ocrx_word' id='word_1_192' title='bbox 816 2161 942 2204; x_wconf 78' lang='lat' dir='ltr'>Apoll.</span> <span class='ocrx_word' id='word_1_193' title='bbox 979 2160 1026 2194; x_wconf 85' lang='lat' dir='ltr'>de</span> <span class='ocrx_word' id='word_1_194' title='bbox 1059 2160 1130 2193; x_wconf 83' lang='lat' dir='ltr'>adv</span> <span class='ocrx_word' id='word_1_195' title='bbox 1169 2161 1250 2199; x_wconf 84' lang='lat'><strong>597,</strong></span> <span class='ocrx_word' id='word_1_196' title='bbox 1276 2160 1338 2198; x_wconf 83' lang='lat'>32,</span> <span class='ocrx_word' id='word_1_197' title='bbox 1381 2158 1436 2191; x_wconf 84' lang='lat' dir='ltr'><strong>Et.</strong></span> <span class='ocrx_word' id='word_1_198' title='bbox 1464 2156 1514 2189; x_wconf 84' lang='lat' dir='ltr'><strong>M.</strong></span> 
     </span>
     <span class='ocr_line' id='line_1_28' title="bbox 68 2217 828 2260; baseline 0 -9"><span class='ocrx_word' id='word_1_199' title='bbox 68 2217 157 2257; x_wconf 86' lang='lat'>189,</span> <span class='ocrx_word' id='word_1_200' title='bbox 182 2217 248 2258; x_wconf 85' lang='lat'>36,</span> <span class='ocrx_word' id='word_1_201' title='bbox 284 2218 378 2250; x_wconf 81' lang='lat' dir='ltr'><strong>Ann.</strong></span> <span class='ocrx_word' id='word_1_202' title='bbox 401 2218 499 2251; x_wconf 84' lang='lat' dir='ltr'><strong>Oxx.</strong></span> <span class='ocrx_word' id='word_1_203' title='bbox 530 2218 567 2259; x_wconf 93' lang='lat'>1,</span> <span class='ocrx_word' id='word_1_204' title='bbox 596 2220 679 2260; x_wconf 90' lang='lat'>156,</span> <span class='ocrx_word' id='word_1_205' title='bbox 705 2221 748 2253; x_wconf 84' lang='lat'>32</span> <span class='ocrx_word' id='word_1_206' title='bbox 772 2226 828 2252; x_wconf 86' lang='lat' dir='ltr'>etc</span> 
     </span>
    </p>

    <p class='ocr_par' dir='ltr' id='par_1_18' title="bbox 65 2271 1518 2608">
     <span class='ocr_line' id='line_1_29' title="bbox 112 2271 1517 2319; baseline -0.004 -11"><span class='ocrx_word' id='word_1_207' title='bbox 112 2275 149 2315; x_wconf 87' lang='lat'>9)</span> <span class='ocrx_word' id='word_1_208' title='bbox 199 2273 375 2317; x_wconf 80' lang='lat' dir='ltr'>Apollon.</span> <span class='ocrx_word' id='word_1_209' title='bbox 404 2275 450 2308; x_wconf 86' lang='lat' dir='ltr'>de</span> <span class='ocrx_word' id='word_1_210' title='bbox 477 2286 579 2319; x_wconf 82' lang='lat' dir='ltr'>pron.</span> <span class='ocrx_word' id='word_1_211' title='bbox 606 2278 659 2311; x_wconf 87' lang='lat'><strong>95.</strong></span> <span class='ocrx_word' id='word_1_212' title='bbox 685 2277 729 2310; x_wconf 88' lang='lat' dir='ltr'>B.</span> <span class='ocrx_word' id='word_1_213' title='bbox 779 2273 799 2319; x_wconf 78' lang='grc' dir='ltr'><em>ἢ</em></span> <span class='ocrx_word' id='word_1_214' title='bbox 836 2277 950 2315; x_wconf 70' lang='grc' dir='ltr'>μέντοι</span> <span class='ocrx_word' id='word_1_215' title='bbox 982 2275 1104 2315; x_wconf 74' lang='grc' dir='ltr'>ἐμεῖο</span> <span class='ocrx_word' id='word_1_216' title='bbox 1138 2275 1196 2307; x_wconf 84' lang='grc' dir='ltr'>καὶ</span> <span class='ocrx_word' id='word_1_217' title='bbox 1229 2275 1279 2307; x_wconf 79' lang='grc' dir='ltr'>ἔτι</span> <span class='ocrx_word' id='word_1_218' title='bbox 1313 2273 1434 2312; x_wconf 71' lang='grc' dir='ltr'>ἐμείω</span> <span class='ocrx_word' id='word_1_219' title='bbox 1461 2271 1517 2302; x_wconf 74' lang='grc' dir='ltr'>καὶ</span> 
     </span>
     <span class='ocr_line' id='line_1_30' title="bbox 66 2329 1516 2380; baseline -0.001 -17"><span class='ocrx_word' id='word_1_220' title='bbox 66 2332 118 2363; x_wconf 73' lang='grc' dir='ltr'>ἔτι</span> <span class='ocrx_word' id='word_1_221' title='bbox 149 2330 210 2364; x_wconf 78' lang='grc' dir='ltr'>σὺν</span> <span class='ocrx_word' id='word_1_222' title='bbox 243 2334 290 2374; x_wconf 80' lang='grc' dir='ltr'>τῷ</span> <span class='ocrx_word' id='word_1_223' title='bbox 323 2334 346 2366; x_wconf 81' lang='grc' dir='ltr'><em>ὅ</em></span> <span class='ocrx_word' id='word_1_224' title='bbox 379 2332 527 2371; x_wconf 74' lang='grc' dir='ltr'><strong><em>ε’μείως</em></strong></span> <span class='ocrx_word' id='word_1_225' title='bbox 564 2335 621 2366; x_wconf 80' lang='grc' dir='ltr'>καὶ</span> <span class='ocrx_word' id='word_1_226' title='bbox 655 2334 702 2373; x_wconf 78' lang='grc' dir='ltr'>ἐμ</span> <span class='ocrx_word' id='word_1_227' title='bbox 715 2347 762 2371; x_wconf 86' lang='grc' dir='ltr'>ως</span> <span class='ocrx_word' id='word_1_228' title='bbox 794 2333 1006 2375; x_wconf 74' lang='grc' dir='ltr'><em>δισυλλάβως</em></span> <span class='ocrx_word' id='word_1_229' title='bbox 1032 2331 1131 2380; x_wconf 77' lang='grc' dir='ltr'><em>παρὰ</em></span> <span class='ocrx_word' id='word_1_230' title='bbox 1152 2331 1323 2365; x_wconf 64' lang='grc' dir='ltr'>εΡίνθιυνι.</span> <span class='ocrx_word' id='word_1_231' title='bbox 1375 2330 1431 2363; x_wconf 80' lang='lat' dir='ltr'>Ex</span> <span class='ocrx_word' id='word_1_232' title='bbox 1459 2329 1516 2362; x_wconf 82' lang='lat' dir='ltr'>his</span> 
     </span>
     <span class='ocr_line' id='line_1_31' title="bbox 65 2386 1517 2435; baseline -0.001 -15"><span class='ocrx_word' id='word_1_233' title='bbox 65 2386 174 2430; x_wconf 75' lang='grc' dir='ltr'>ἐμεῖο,</span> <span class='ocrx_word' id='word_1_234' title='bbox 201 2388 391 2421; x_wconf 81' lang='lat' dir='ltr'>notissima</span> <span class='ocrx_word' id='word_1_235' title='bbox 416 2400 464 2422; x_wconf 87' lang='lat' dir='ltr'>ex</span> <span class='ocrx_word' id='word_1_236' title='bbox 490 2390 649 2424; x_wconf 86' lang='lat' dir='ltr'>Homero</span> <span class='ocrx_word' id='word_1_237' title='bbox 677 2393 814 2433; x_wconf 80' lang='lat' dir='ltr'>forma,</span> <span class='ocrx_word' id='word_1_238' title='bbox 849 2402 921 2425; x_wconf 86' lang='lat' dir='ltr'>non</span> <span class='ocrx_word' id='word_1_239' title='bbox 950 2398 1095 2435; x_wconf 85' lang='lat' dir='ltr'>poterat</span> <span class='ocrx_word' id='word_1_240' title='bbox 1119 2391 1165 2424; x_wconf 88' lang='lat' dir='ltr'>ab</span> <span class='ocrx_word' id='word_1_241' title='bbox 1195 2387 1395 2432; x_wconf 82' lang='lat' dir='ltr'>Apollonio</span> <span class='ocrx_word' id='word_1_242' title='bbox 1421 2386 1517 2420; x_wconf 82' lang='lat' dir='ltr'>inter</span> 
     </span>
     <span class='ocr_line' id='line_1_32' title="bbox 66 2444 1517 2492; baseline -0.001 -14"><span class='ocrx_word' id='word_1_243' title='bbox 66 2444 228 2479; x_wconf 86' lang='lat' dir='ltr'>Doricas</span> <span class='ocrx_word' id='word_1_244' title='bbox 254 2447 482 2489; x_wconf 83' lang='lat' dir='ltr'>enumerari,</span> <span class='ocrx_word' id='word_1_245' title='bbox 520 2457 638 2490; x_wconf 88' lang='lat' dir='ltr'>neque</span> <span class='ocrx_word' id='word_1_246' title='bbox 661 2448 917 2492; x_wconf 70' lang='lat' dir='ltr'>diphthongus</span> <span class='ocrx_word' id='word_1_247' title='bbox 943 2448 978 2482; x_wconf 93' lang='lat' dir='ltr'>in</span> <span class='ocrx_word' id='word_1_248' title='bbox 1006 2449 1113 2489; x_wconf 67' lang='grc' dir='ltr'>ἐμεῖο,</span> <span class='ocrx_word' id='word_1_249' title='bbox 1149 2448 1264 2487; x_wconf 62' lang='grc' dir='ltr'>ἐμείω,</span> <span class='ocrx_word' id='word_1_250' title='bbox 1302 2446 1415 2485; x_wconf 69' lang='grc' dir='ltr'><em>ἐμείως</em></span> <span class='ocrx_word' id='word_1_251' title='bbox 1441 2444 1517 2477; x_wconf 85' lang='lat' dir='ltr'>ulla</span> 
     </span>
     <span class='ocr_line' id='line_1_33' title="bbox 66 2502 1517 2550; baseline -0.001 -14"><span class='ocrx_word' id='word_1_252' title='bbox 66 2502 232 2538; x_wconf 84' lang='lat' dir='ltr'>Doricae</span> <span class='ocrx_word' id='word_1_253' title='bbox 258 2503 408 2538; x_wconf 77' lang='lat' dir='ltr'>dialecti</span> <span class='ocrx_word' id='word_1_254' title='bbox 435 2505 608 2547; x_wconf 81' lang='lat' dir='ltr'>analogia</span> <span class='ocrx_word' id='word_1_255' title='bbox 632 2506 841 2540; x_wconf 70' lang='lat' dir='ltr'>sustinetur.</span> <span class='ocrx_word' id='word_1_256' title='bbox 889 2506 1038 2540; x_wconf 88' lang='lat' dir='ltr'>Deinde</span> <span class='ocrx_word' id='word_1_257' title='bbox 1061 2506 1159 2550; x_wconf 85' lang='lat' dir='ltr'>apud</span> <span class='ocrx_word' id='word_1_258' title='bbox 1185 2505 1340 2539; x_wconf 85' lang='lat' dir='ltr'>eundem</span> <span class='ocrx_word' id='word_1_259' title='bbox 1360 2502 1517 2547; x_wconf 88' lang='lat' dir='ltr'>Apollo-</span> 
     </span>
     <span class='ocr_line' id='line_1_34' title="bbox 68 2559 1518 2608; baseline -0.001 -14"><span class='ocrx_word' id='word_1_260' title='bbox 68 2559 167 2594; x_wconf 86' lang='lat' dir='ltr'>nium</span> <span class='ocrx_word' id='word_1_261' title='bbox 194 2572 229 2605; x_wconf 85' lang='lat' dir='ltr'><strong>p.</strong></span> <span class='ocrx_word' id='word_1_262' title='bbox 255 2562 310 2595; x_wconf 89' lang='grc'><strong>96.</strong></span> <span class='ocrx_word' id='word_1_263' title='bbox 339 2561 368 2595; x_wconf 93' lang='lat' dir='ltr'>C</span> <span class='ocrx_word' id='word_1_264' title='bbox 395 2561 481 2595; x_wconf 88' lang='lat' dir='ltr'>haec</span> <span class='ocrx_word' id='word_1_265' title='bbox 506 2562 699 2605; x_wconf 84' lang='lat' dir='ltr'>leguntur:</span> <span class='ocrx_word' id='word_1_266' title='bbox 752 2565 808 2596; x_wconf 82' lang='grc' dir='ltr'>καὶ</span> <span class='ocrx_word' id='word_1_267' title='bbox 832 2565 881 2596; x_wconf 65' lang='grc' dir='ltr'>ἔτι,</span> <span class='ocrx_word' id='word_1_268' title='bbox 906 2562 925 2608; x_wconf 79' lang='grc' dir='ltr'><strong><em>ἦ</em></strong></span> <span class='ocrx_word' id='word_1_269' title='bbox 950 2565 1044 2600; x_wconf 81' lang='grc' dir='ltr'>τίος</span> <span class='ocrx_word' id='word_1_270' title='bbox 1076 2566 1185 2606; x_wconf 88' lang='lat' dir='ltr'>(quae</span> <span class='ocrx_word' id='word_1_271' title='bbox 1220 2561 1331 2595; x_wconf 89' lang='lat' dir='ltr'>verba</span> <span class='ocrx_word' id='word_1_272' title='bbox 1362 2561 1518 2594; x_wconf 80' lang='lat' dir='ltr'>fortasse</span> 
     </span>
    </p>
   </div>
   <div class='ocr_carea' id='block_1_11' title="bbox 4 2617 1516 2672">
    <p class='ocr_par' dir='ltr' id='par_1_19' title="bbox 4 2617 1516 2672">
     <span class='ocr_line' id='line_1_35' title="bbox 4 2617 1516 2672; baseline -0.004 -15"><span class='ocrx_word' id='word_1_273' title='bbox 4 2621 11 2672; x_wconf 60' lang='grc' dir='ltr'>ζ’]</span> <span class='ocrx_word' id='word_1_274' title='bbox 68 2625 151 2663; x_wconf 74' lang='grc' dir='ltr'><strong>ΡΟΞῑ</strong></span> <span class='ocrx_word' id='word_1_275' title='bbox 176 2617 274 2657; x_wconf 70' lang='grc' dir='ltr'><em>ἐμὲως</em></span> <span class='ocrx_word' id='word_1_276' title='bbox 300 2619 571 2663; x_wconf 76' lang='lat' dir='ltr'>transponenda</span> <span class='ocrx_word' id='word_1_277' title='bbox 595 2622 693 2662; x_wconf 79' lang='lat' dir='ltr'>sunt)</span> <span class='ocrx_word' id='word_1_278' title='bbox 766 2618 786 2664; x_wconf 79' lang='grc' dir='ltr'><em>ἦ</em></span> <span class='ocrx_word' id='word_1_279' title='bbox 824 2622 939 2661; x_wconf 79' lang='grc' dir='ltr'>μέντοι</span> <span class='ocrx_word' id='word_1_280' title='bbox 974 2621 1051 2654; x_wconf 83' lang='grc' dir='ltr'>τὶω</span> <span class='ocrx_word' id='word_1_281' title='bbox 1086 2622 1142 2653; x_wconf 86' lang='grc' dir='ltr'>καὶ</span> <span class='ocrx_word' id='word_1_282' title='bbox 1173 2621 1276 2657; x_wconf 84' lang='grc' dir='ltr'>τίως</span> <span class='ocrx_word' id='word_1_283' title='bbox 1313 2617 1516 2660; x_wconf 62' lang='lat' dir='ltr'>maturos-om</span> 
     </span>
    </p>
   </div>
   <div class='ocr_carea' id='block_1_12' title="bbox 6 2675 1515 2724">
    <p class='ocr_par' dir='ltr' id='par_1_20' title="bbox 6 2675 1515 2724">
     <span class='ocr_line' id='line_1_36' title="bbox 6 2675 1515 2724; baseline 0.002 -17"><span class='ocrx_word' id='word_1_284' title='bbox 6 2721 7 2724; x_wconf 13' lang='grc' dir='ltr'><strong>Ἴ</strong></span> <span class='ocrx_word' id='word_1_285' title='bbox 67 2677 109 2722; x_wconf 72' lang='grc' dir='ltr'>τῇ</span> <span class='ocrx_word' id='word_1_286' title='bbox 134 2675 239 2715; x_wconf 74' lang='grc' dir='ltr'>ἒμέω</span> <span class='ocrx_word' id='word_1_287' title='bbox 266 2678 321 2709; x_wconf 85' lang='grc' dir='ltr'>καὶ</span> <span class='ocrx_word' id='word_1_288' title='bbox 346 2676 477 2716; x_wconf 80' lang='grc' dir='ltr'><strong><em>ἐμέως</em></strong></span> <span class='ocrx_word' id='word_1_289' title='bbox 504 2676 612 2710; x_wconf 76' lang='grc' dir='ltr'><em>πάλιν</em></span> <span class='ocrx_word' id='word_1_290' title='bbox 636 2676 735 2724; x_wconf 80' lang='grc' dir='ltr'><em>παρὰ</em></span> <span class='ocrx_word' id='word_1_291' title='bbox 759 2681 806 2720; x_wconf 80' lang='grc' dir='ltr'>τῷ</span> <span class='ocrx_word' id='word_1_292' title='bbox 830 2677 925 2721; x_wconf 74' lang='grc' dir='ltr'>αὐτῷ</span> <span class='ocrx_word' id='word_1_293' title='bbox 946 2676 1107 2711; x_wconf 71' lang='grc' dir='ltr'><em>Ῥίνθωνι</em></span> <span class='ocrx_word' id='word_1_294' title='bbox 1133 2679 1303 2723; x_wconf 63' lang='grc' dir='ltr'><em>εἴρηνται,</em></span> <span class='ocrx_word' id='word_1_295' title='bbox 1331 2677 1427 2710; x_wconf 85' lang='lat' dir='ltr'>unde</span> <span class='ocrx_word' id='word_1_296' title='bbox 1451 2687 1515 2721; x_wconf 84' lang='lat' dir='ltr'>pa-</span> 
     </span>
    </p>
   </div>
   <div class='ocr_carea' id='block_1_13' title="bbox 69 2734 1515 2837">
    <p class='ocr_par' dir='ltr' id='par_1_21' title="bbox 69 2734 1515 2837">
     <span class='ocr_line' id='line_1_37' title="bbox 69 2734 1515 2780; baseline 0.002 -14"><span class='ocrx_word' id='word_1_297' title='bbox 69 2738 120 2766; x_wconf 79' lang='lat' dir='ltr'>tet</span> <span class='ocrx_word' id='word_1_298' title='bbox 143 2738 298 2776; x_wconf 81' lang='lat' dir='ltr'>utroque</span> <span class='ocrx_word' id='word_1_299' title='bbox 323 2734 407 2767; x_wconf 87' lang='lat' dir='ltr'>loco</span> <span class='ocrx_word' id='word_1_300' title='bbox 432 2734 512 2774; x_wconf 82' lang='grc' dir='ltr'>ἐμίω</span> <span class='ocrx_word' id='word_1_301' title='bbox 537 2742 573 2769; x_wconf 83' lang='lat' dir='ltr'>et</span> <span class='ocrx_word' id='word_1_302' title='bbox 597 2735 693 2775; x_wconf 74' lang='grc' dir='ltr'><strong><em>ἐμίως</em></strong></span> <span class='ocrx_word' id='word_1_303' title='bbox 717 2735 944 2770; x_wconf 82' lang='lat' dir='ltr'>restituenda</span> <span class='ocrx_word' id='word_1_304' title='bbox 968 2746 1060 2770; x_wconf 81' lang='lat' dir='ltr'>esse.</span> <span class='ocrx_word' id='word_1_305' title='bbox 1118 2736 1248 2780; x_wconf 87' lang='lat' dir='ltr'>Neque</span> <span class='ocrx_word' id='word_1_306' title='bbox 1270 2737 1341 2779; x_wconf 86' lang='lat' dir='ltr'>jam</span> <span class='ocrx_word' id='word_1_307' title='bbox 1369 2734 1515 2770; x_wconf 86' lang='lat' dir='ltr'>dubita-</span> 
     </span>
     <span class='ocr_line' id='line_1_38' title="bbox 69 2788 1087 2837; baseline 0.004 -14"><span class='ocrx_word' id='word_1_308' title='bbox 69 2788 148 2832; x_wconf 78' lang='lat' dir='ltr'>bis,</span> <span class='ocrx_word' id='word_1_309' title='bbox 172 2790 258 2833; x_wconf 88' lang='lat' dir='ltr'>quin</span> <span class='ocrx_word' id='word_1_310' title='bbox 285 2791 375 2831; x_wconf 74' lang='grc' dir='ltr'>ἐμεῖο</span> <span class='ocrx_word' id='word_1_311' title='bbox 400 2803 447 2826; x_wconf 83' lang='lat' dir='ltr'>ex</span> <span class='ocrx_word' id='word_1_312' title='bbox 472 2792 545 2832; x_wconf 71' lang='grc' dir='ltr'>ἐμέο</span> <span class='ocrx_word' id='word_1_313' title='bbox 570 2800 784 2837; x_wconf 83' lang='lat' dir='ltr'>corruptum</span> <span class='ocrx_word' id='word_1_314' title='bbox 808 2793 879 2835; x_wconf 79' lang='lat' dir='ltr'>sit,</span> <span class='ocrx_word' id='word_1_315' title='bbox 905 2794 951 2827; x_wconf 81' lang='lat' dir='ltr'><strong>cf.</strong></span> <span class='ocrx_word' id='word_1_316' title='bbox 980 2793 1087 2828; x_wconf 86' lang='lat' dir='ltr'><strong>infra.</strong></span> 
     </span>
    </p>
   </div>
  </div>
 </body>
</html>
