1779 3079
437 182 540 231 VII.
598 183 864 230 Decretum
900 181 1332 246 Amphictyonum.
1509 184 1608 234 485

152 319 400 363 Bocelzhius
441 320 519 361 has
560 320 718 361 formas
758 318 856 359 ideo
898 319 1086 377 respuit,
1140 319 1256 378 quod
1300 325 1414 361 certe
1453 321 1604 363 ἑνοικεν

152 389 184 430 l.
212 389 266 430 23
296 403 374 445 pro
405 388 576 428 ἐνοικεῖν
608 385 845 428 secundum
876 387 1092 444 antiquam
1123 387 1470 445 orthographiam
1502 390 1604 431 scri-

152 462 274 513 ptum
314 462 455 509 esset,
503 471 601 496 nam
631 453 762 496 verba
793 468 966 510 quoque
997 462 1211 497 contracta
1242 471 1376 513 aeque
1405 456 1481 499 illa
1513 472 1603 499 cor-

153 522 348 580 reptione
378 529 617 579 tanguntur
645 521 733 564 vid.
766 522 807 574 §.
832 521 912 574 21,
946 521 985 563 7.
1046 522 1215 564 Eodem
1243 524 1431 580 pertinet
1459 524 1603 566 infini-

152 591 269 632 tivus
300 590 436 632 futuri
469 588 708 644 ἀπογραψέν
737 603 816 644 pro
848 586 1128 641 ἅπογραψεῗν,
1166 597 1213 631 ut
1242 591 1404 633 ibidem
1434 593 1602 636 monui-

151 674 264 700 mus.
337 658 579 699 Productae
620 655 935 698 infinitivorum
974 657 1292 700 terminationis
1336 675 1393 699 ειν
1432 660 1602 703 11111111111

153 726 396 782 exemplum
434 724 480 765 in
513 724 640 766 titulo
683 730 822 778 extat,
864 739 1004 781 neque
1045 723 1159 765 enim
1199 732 1314 766 recte
1352 725 1601 771 Boeckhius

150 794 340 834 ἐνοικε..
378 792 409 834 l.
438 792 519 845 24,
567 807 698 849 quum
743 791 923 832 duarum
964 791 1185 833 literarum
1222 793 1376 835 lacuna
1414 795 1602 838 indicata

147 859 221 913 sit,
252 860 298 900 in
329 860 529 912 ἕνοικε[ῖν]
560 858 799 916 supplevit,
833 859 960 914 cujus
990 860 1076 901 loci
1106 860 1234 902 aliam
1258 860 1601 906 emendationem

147 927 472 986 proposuimus.
543 925 716 967 Deinde
756 926 1027 968 accusativus
1055 927 1267 969 secundae
1297 928 1601 973 declinationis

145 996 329 1052 pluralis
362 994 497 1038 octies
527 993 574 1034 in
607 1011 652 1041 ος
691 993 898 1036 desinens
941 995 1127 1051 leg-itur,
1172 1011 1305 1052 quum
1336 1012 1359 1038 e
1387 998 1601 1040 contrario

134 1062 218 1104 bis
256 1061 352 1110 τούς
393 1062 604 1119 scriptum
645 1061 701 1102 sit
738 1063 769 1103 l.
801 1063 871 1104 42.
947 1062 1113 1116 Vides,
1161 1079 1288 1120 quam
1328 1064 1456 1106 facile
1496 1066 1602 1108 haec

148 1130 363 1187 scriptura
393 1129 533 1171 Attici
560 1128 775 1186 lapicidae
803 1128 948 1185 lapsui
980 1129 1215 1183 tribuatur,
1258 1146 1473 1190 quamque
1502 1149 1600 1191 pro·

145 1198 350 1240 habiliter
388 1198 466 1240 illa
495 1196 549 1238 ad
579 1196 760 1239 eandem
788 1197 1001 1238 referatur
1030 1197 1294 1254 corripiendi
1324 1201 1599 1243 consuetudi-

144 1281 271 1320 nem,
327 1280 437 1324 quae
479 1263 525 1305 in
569 1263 797 1306 infinitivis
840 1272 1069 1321 spectatur.
1147 1264 1376 1308 Postremo
1420 1268 1600 1311 eandem

143 1340 259 1375 recte
289 1332 335 1374 in
364 1331 508 1376 Λατόρ
547 1332 578 1374 l.
611 1332 650 1375 8.
675 1347 754 1390 pro
783 1334 954 1380 Λατοῦς
995 1333 1175 1389 agnosci
1212 1348 1343 1390 posse
1374 1334 1600 1380 docuimus

141 1400 185 1454 ξ.
217 1401 299 1454 21,
332 1401 374 1443 3.
445 1399 722 1453 Boeekhius,
766 1399 876 1441 illud
915 1415 992 1458 pro
1021 1402 1190 1448 Λατοῦς
1227 1400 1433 1458 seriptum
1462 1412 1597 1459 ratus,

142 1468 227 1510 hoe
259 1467 402 1527 ipsum
439 1467 629 1510 restituit
667 1467 699 1509 l.
734 1467 787 1509 12
816 1467 909 1521 in.,
952 1467 1029 1509 uhi
1060 1484 1192 1526 quum
1222 1484 1367 1510 τουκαι
1395 1470 1599 1514 traditum

144 1535 227 1590 sit,
273 1535 492 1595 supplevit
529 1535 751 1587 Λα]τοῦ[ς]
792 1535 878 1575 καί.
954 1534 1235 1578 Probabilius
1274 1543 1417 1579 tamen
1459 1546 1525 1581 est
1562 1544 1603 1581 Σ

144 1603 190 1645 ἰ11
228 1607 265 1645 Y
288 1610 537 1660 corruptum
568 1618 696 1660 quam
727 1601 937 1644 omissum
968 1618 1088 1656 esse,
1131 1605 1262 1660 quare
1293 1620 1372 1646 nos
1402 1606 1597 1660 Λα]τό[ς]

142 1672 215 1712 καί
235 1671 504 1729 scripsimus.
550 1670 728 1713 Praeter
754 1671 859 1712 haec
890 1669 1012 1712 nulla
1039 1686 1123 1713 vox
1151 1671 1197 1711 in
1221 1671 1394 1714 decreto
1413 1673 1595 1731 legitur,

142 1755 252 1796 quae
283 1739 330 1780 in
359 1738 539 1780 Doridis
570 1738 801 1795 speciebus
834 1738 1119 1795 correptionis
1149 1739 1390 1781 amantibus
1419 1741 1597 1784 ultimae

143 1806 458 1863 correptionem
494 1806 697 1864 patiatur.
742 1831 796 1838 --
855 1804 956 1847 Non
995 1806 1135 1861 magis
1175 1806 1229 1847 ad
1268 1808 1597 1866 orthographiae

141 1874 430 1916 archaismum
458 1873 717 1932 pertinuerit
746 1872 782 1913 εἷ
808 1887 886 1930 pro
917 1869 944 1929 ᾗ
974 1872 1006 1914 1.
1027 1873 1108 1927 40,
1142 1890 1274 1931 quum
1305 1875 1464 1932 reliqui
1495 1892 1597 1919 con-

135 1941 326 1998 junctivi
355 1941 528 2000 vulgari
559 1941 772 1997 scriptura
801 1947 1000 1982 utantur:
1033 1942 1138 1984 1.19
1164 1941 1357 1998 ἆηοτίνῃ,
1389 1944 1444 1985 25
1476 1946 1593 2002 δοκῇ,

143 2009 197 2052 33
226 2009 411 2066 παρέχῃ,
443 2010 499 2052 40
531 2008 741 2069 ἀποτείσῃ.
802 2007 941 2063 Vide,
982 2024 1091 2071 quae
1122 2024 1169 2053 ea
1201 2009 1254 2051 ‹le
1283 2026 1329 2052 rc
1360 2010 1594 2069 disputavi-

140 2092 236 2118 mus
266 2076 307 2129 §.
343 2076 426 2130 36,
456 2078 498 2120 3.
1478 2092 1498 2095 ”
1542 2093 1544 2095 ·

254 2143 406 2186 Restat
435 2153 483 2186 ut
511 2145 564 2187 de
594 2145 650 2187 iis
681 2146 903 2201 dicamus,
936 2163 1045 2206 quae
1077 2147 1250 2191 dialecti
1271 2146 1594 2189 exeusationem

143 2211 238 2253 sine
277 2214 568 2254 controversia
608 2229 696 2255 non
732 2214 908 2257 habent.
983 2215 1177 2257 Primum
1217 2216 1261 2256 in
1304 2214 1595 2270 genitivorum

142 2278 430 2335 singularium
458 2279 760 2324 terminatione
795 2287 830 2324 O
860 2299 939 2340 pro
971 2300 1019 2325 ου
1048 2291 1199 2340 quater
1228 2281 1414 2337 legitur,
1447 2289 1597 2323 contra

145 2347 441 2405 diphthongus
481 2348 732 2391 undevieies
772 2350 932 2408 scripta
972 2357 1066 2392 esta
1128 2350 1158 2390 l.
1193 2350 1221 2390 4
1259 2348 1409 2399 αὐτοῦ,
1455 2349 1482 2391 8
1524 2353 1596 2392 τοῦ

145 2416 338 2465 Πυθίου,
384 2414 456 2457 20.
487 2415 543 2457 48
571 2419 642 2457 τοῦ
671 2420 819 2471 ἱαροῦ,
868 2418 923 2460 40
952 2421 1101 2471 ἱαροῦ,
1148 2416 1203 2458 30
1233 2415 1389 2469 λόφου,
1438 2417 1493 2459 32
1522 2418 1594 2459 his

144 2483 243 2536 τοῦ,
277 2481 331 2525 35
359 2484 458 2532 τοῦ,
488 2482 544 2525 42
571 2486 644 2524 τοῦ
675 2484 853 2538 δρόμου,
894 2484 947 2527 45
978 2487 1050 2526 τοῦ
1079 2485 1312 2526 Βουκατιόυ
1342 2492 1385 2526 et
1413 2487 1507 2534 τοῦ,
1540 2485 1596 2527 46

144 2550 218 2591 τοῦ
243 2550 420 2591 Βυσίου.
479 2549 651 2593 Deinde
682 2567 814 2609 quum
843 2552 876 2594 l.
897 2552 953 2595 25
983 2555 1207 2603 ζαμιουτων
1237 2551 1451 2606 tradatur,
1484 2553 1514 2594 l.
1539 2553 1594 2595 43

142 2623 208 2659 est
238 2616 505 2670 ζαμιούντων.
581 2618 696 2676 Ipsis
725 2619 942 2673 numeris,
983 2619 1145 2676 quibus
1173 2620 1278 2660 haec
1310 2627 1426 2661 aetas
1458 2620 1594 2678 pluri-

141 2700 259 2726 mum
289 2684 466 2740 tribuit,
495 2685 600 2727 satis
631 2687 947 2730 demonstratur
965 2686 1011 2728 id
1032 2686 1148 2745 quod
1169 2687 1385 2729 volumus.
1447 2687 1594 2741 Quum

143 2752 260 2795 enim
303 2752 417 2811 apud
457 2752 630 2796 Atticos
677 2755 896 2813 antiquam
943 2754 1182 2812 scripturae
1236 2755 1595 2797 consuetudinem
