1779 3079
482 185 522 245 §.
557 186 635 235 46.
709 185 861 236 Varia
894 185 1139 248 quaedam.
1441 187 1540 236 389

181 323 224 375 3)
259 323 377 365 Inter
399 322 425 364 d
439 339 513 365 em
527 323 541 364 i
555 340 581 364 n
598 339 621 364 u
637 322 747 364 tivo
762 337 819 363 ru
832 337 873 362 ιιι
893 335 1049 376 genera
1071 320 1238 362 nullum
1259 317 1433 377 quidem
1451 324 1535 371 est,

74 390 208 447 quod
236 390 393 433 Doridi
424 391 644 449 proprium
677 390 763 431 dici
791 388 958 446 possit,
992 388 1137 444 paullo
1167 395 1308 428 tamen
1337 388 1535 444 frequen-

89 457 176 500 tior
204 459 318 515 apud
347 459 587 501 Dorienses
619 474 744 517 quam
778 456 822 497 in
852 455 1035 512 reliquis
1066 454 1261 496 dialectis
1291 453 1535 496 terminati⁰

86 527 228 581 υὸριον
258 526 396 568 fuisse
425 527 609 568 videtur.
671 524 735 566 Ea
774 524 890 566 enim
931 522 1063 563 utitur
1105 521 1347 575 σκιφύδριον
1376 521 1532 579 Epieh.

86 593 140 636 23
171 609 194 635 a
228 596 378 645 σκίφος
409 595 439 635 i.
473 610 510 635 e.
545 595 689 645 ξίφος,
737 591 951 644 μελύδριον
981 589 1170 630 Theocr.
1202 589 1316 642 VII,
1349 589 1428 642 51,
1468 604 1534 643 χε-

87 659 258 716 ρύὸριον
282 661 449 703 Moseh.
483 662 521 715 Ι,
556 661 632 713 13,
666 666 884 717 postremo
915 658 998 700 alia
1028 656 1277 698 dilatatione
1307 656 1534 697 accedente

88 728 441 781 ῙῙριαμιλλύδριον
485 745 508 770 a
555 729 749 782 Πρίαμος
790 725 905 784 apud
943 725 1252 782 Epicharmum
1298 724 1534 765 seeundum

85 794 205 836 Ann.
240 796 354 837 Oxx.
385 796 466 850 IV,
499 795 606 847 254,
639 795 687 844 8,
735 795 791 835 cf.
834 794 1035 850 Theogn.
1079 792 1193 834 Oxx.
1238 790 1306 845 II,
1342 790 1448 844 126,
1479 791 1533 832 23

85 862 244 918 (Belzk.
279 861 434 919 1413),
467 863 541 904 ubi
572 862 761 904 auctoris
791 877 948 903 nomen
978 876 1065 901 non
1096 859 1307 918 proditur.

195 932 241 982 4)
300 931 540 973 Dorienses
570 929 777 971 feminina
806 929 851 969 in
883 945 914 968 ω
945 944 1112 970 amasse
1140 927 1357 969 videntur.
1429 925 1532 966 Pro-

84 998 177 1056 pria
209 1006 322 1040 certe
353 999 442 1041 illis
473 1005 599 1051 sunt,
643 1013 752 1054 quae
783 996 1032 1052 Hesychius
1062 997 1205 1037 affert:
1252 992 1530 1047 ἀνθρωπώ,

85 1068 109 1116 ἦ
140 1064 237 1119 γυνὴ
265 1065 382 1118 παρὰ
411 1065 591 1107 Λάκωσι
633 1072 675 1105 et
714 1064 863 1113 κινώ,
906 1065 1090 1112 κίνησις·
1129 1063 1328 1115 Δωριεῖς.
1403 1061 1532 1102 Prae—

83 1140 199 1175 terea
228 1134 312 1175 huc
342 1133 569 1175 referimus
599 1131 804 1185 Συρακώ,
850 1148 932 1188 qua
973 1132 1109 1172 fornia
1149 1131 1437 1187 Epicharmus
1476 1129 1530 1169 fr.

85 1201 167 1243 166
197 1200 433 1258 Syracusas
475 1199 707 1258 appellavit
745 1199 833 1241 vid.
866 1199 908 1251 ξ.
941 1200 1022 1252 22,
1053 1199 1109 1251 9,
1153 1196 1278 1250 μελλώ
1319 1197 1529 1253 Aeschyl-

82 1269 172 1326 Ag.
208 1269 344 1321 1329,
390 1284 516 1325 quam
559 1283 705 1310 vocem
736 1271 863 1325 poeta
893 1282 988 1308 eum
1020 1265 1118 1307 aliis
1148 1265 1298 1306 multis
1328 1281 1351 1306 e
1381 1263 1533 1306 Sicilia

84 1335 398 1393 apportaverit,
446 1336 595 1392 μορφώ
635 1336 817 1392 Archyt.
859 1351 926 1392 ap.
973 1333 1097 1375 Stob.
1140 1333 1237 1374 Ecl.
1280 1333 1300 1373 I
1340 1348 1383 1390 p.
1419 1332 1529 1386 7103

83 1419 180 1445 nani
212 1402 313 1444 ἑστώ
345 1402 528 1461 Archyt.
557 1402 681 1445 Stob.
708 1403 805 1445 Ecl.
839 1403 858 1443 Ι
892 1418 933 1458 p.
955 1402 1006 1444 81
1037 1408 1078 1442 et
1109 1400 1281 1450 εὐεστώ,
1314 1416 1398 1458 qua
1427 1415 1532 1442 voce

82 1471 330 1528 Aeschylus
370 1479 435 1513 ter
474 1471 635 1525 utitur,
687 1471 832 1529 potius
864 1470 916 1511 ad
946 1468 1138 1511 Ionicam
1169 1468 1382 1526 originem
1413 1484 1531 1510 revo-

85 1538 220 1580 canda
249 1554 346 1581 esse
375 1539 593 1582 videntur.

200 1606 242 1657 5)
287 1607 322 1648 E
357 1606 639 1648 substantivis
669 1607 864 1648 neutrius
897 1606 1070 1663 generis
1100 1606 1146 1646 in
1177 1622 1254 1659 αρ,
1289 1605 1342 1645 de
1371 1604 1531 1661 quibus

85 1673 322 1732 disputavit
349 1673 595 1716 Lobeckius
626 1674 786 1716 Parall.
827 1690 871 1731 p.
905 1674 987 1716 204
1006 1706 1018 1727 ,
1065 1673 1150 1715 duo
1180 1673 1233 1713 ad
1264 1671 1438 1713 Siculos
1468 1686 1532 1712 re-

85 1741 310 1783 feruntur:
373 1744 547 1794 σῦιραρ
569 1744 629 1794 7),
676 1741 792 1799 quod
833 1741 1032 1799 Sophron
1074 1741 1128 1781 fr.
1168 1740 1195 1782 8
1241 1739 1285 1780 in
1326 1738 1535 1794 decrepiti

86 1809 205 1850 senis
233 1808 475 1850 convicium
507 1810 634 1851 vertit
662 1817 704 1850 et
734 1811 880 1864 μῶμαρ
902 1807 964 1864 8),
1006 1824 1089 1865 qua
1128 1822 1233 1849 voce
1263 1806 1405 1848 Siculi
1445 1806 1532 1859 (co-

84 1876 224 1918 micus
257 1876 457 1933 quidam,
505 1876 592 1917 nisi
630 1877 775 1928 fallor)
818 1878 997 1918 stultum
1036 1875 1276 1932 appellasse
1317 1875 1531 1926 feruntur,

87 1942 209 1996 Quae
252 1958 378 1986 voees
423 1959 667 2002 quanquam
709 1961 797 1986 non
840 1944 1043 1986 videntur
1084 1941 1246 1984 Siculis
1290 1941 1534 1999 peculiares

85 2009 248 2060 fuisse,
294 2018 478 2053 attamen
519 2012 731 2070 suspieari
766 2012 870 2053 licet
896 2027 970 2053 eos
1000 2010 1238 2052 rarioribus
1268 2016 1309 2050 et
1338 2010 1428 2050 fere
1459 2007 1532 2050 ob-

87 2077 237 2119 soletis
268 2078 518 2121 nominihus
557 2079 602 2120 in
645 2097 695 2133 αρ
735 2080 907 2138 saepius
949 2094 1077 2136 quam
1118 2078 1312 2135 reliquos
1344 2076 1534 2118 Graecos

87 2160 192 2188 usos
226 2161 337 2187 esse.
409 2146 502 2188 Nec
534 2147 747 2190 dissimile
778 2155 845 2190 est
876 2147 1177 2206 Sophroneum
1207 2146 1336 2196 νίκωρ
1366 2143 1530 2186 Herod.

86 2230 130 2254 π.
161 2230 204 2266 μ.
236 2218 270 2254 λ.
311 2213 390 2267 32,
422 2215 490 2256 24.

199 2281 245 2333 6)
293 2280 485 2323 Gentilia
514 2282 559 2323 in
589 2284 677 2332 ἶνος
704 2284 751 2325 in
780 2284 875 2340 ipsa
897 2282 1078 2324 Graecia
1108 2282 1283 2338 ignota,
1316 2279 1361 2320 in
1391 2279 1533 2320 orien-

89 2348 249 2391 talibus
279 2350 464 2392 coloniis
493 2367 612 2405 rara,
660 2358 706 2392 ut
733 2350 983 2404 ’Λμοργῖυος
1012 2350 1064 2391 ab
1087 2350 1332 2403 ‘'Afeopyog,
1383 2345 1533 2387 rectis-

0 2356 35 2380 ciffi„

7 2379 12 2386 i

134 2468 171 2509 7)
219 2466 362 2501 Scholl.
388 2465 468 2499 Nic.
497 2464 556 2497 Al.
578 2465 633 2497 91.
671 2461 711 2495 τὸ
737 2462 946 2500 ἐπιπολάζον
970 2465 1014 2506 τῷ
1039 2460 1204 2504 γάλακτι,
1230 2456 1316 2506 ὅπερ
1344 2458 1377 2493 οἱ
1398 2459 1537 2491 Σικελοέ,

8 2522 37 2551 ἐνί·
91 2522 202 2570 σύφαρ
228 2525 378 2557 καλοῦσι.
430 2521 558 2564 Vulgo
583 2519 686 2560 ὄφεως
708 2522 816 2565 γῆρας
841 2519 1028 2564 significat
1053 2518 1127 2552 vid.
1147 2517 1312 2562 Hesych.
1338 2523 1374 2550 et
1399 2516 1451 2549 ibi
1477 2515 1534 2548 in-

0 2572 37 2608 5‘112*
91 2587 247 2626 term-n,
273 2582 331 2615 Et.
357 2581 407 2615 M.
437 2582 500 2614 737
528 2579 577 2611 in.

15 2648 20 2655 ’
134 2639 172 2680 8)
220 2639 318 2673 Fest.
355 2647 575 2679 „momar‚
613 2634 731 2669 Siculi
763 2635 912 2668 stultum
946 2634 1115 2668 vocantf‘
1162 2631 1301 2665 Eadem
1328 2640 1419 2663 voce
1445 2633 1537 2663 teste

92 2694 237 2729 Isidoro
267 2695 305 2729 in
339 2695 488 2730 Glossis
521 2694 675 2727 Plautus
710 2700 794 2724 usus
827 2697 882 2725 est
914 2690 951 2723 in
986 2690 1056 2723 hoc
1092 2700 1215 2723 versu:
1265 2687 1385 2731 „quid
1417 2693 1477 2728 tu,
1513 2695 1536 2717 o

92 2762 245 2796 momar,
270 2753 397 2788 Sicule
425 2753 555 2794 homo,
581 2748 823 2795 p1·aesumis“‚
851 2747 926 2781 vid.
942 2747 1029 2781 Intt.
1056 2747 1102 2780 ad
1118 2746 1280 2791 Hesych.
1308 2754 1382 2780 S.v.
1399 2746 1533 2788 μῶμοιρ.

3 2692 35 2726 udl-
