1779 3079
505 170 579 217 Ad
617 169 830 217 Librum
869 167 1158 217 Secundum.
1461 170 1561 220 559

113 308 326 357 σιλίσκος,
381 323 404 349 3
431 306 602 349 Latinis
642 322 718 348 rex
755 305 927 360 avium,
972 305 1242 362 regariolus,
1288 306 1493 363 reg-ulus,
1538 324 1562 349 a

112 374 239 417 nohis
271 376 524 430 Zaunko'niy
554 374 805 432 appellatur.
895 373 1097 414 Ceterum
1133 375 1380 428 σπέργουλος
1416 375 1561 432 potius

110 443 378 486 Laconicum
417 451 515 497 est,
574 443 698 498 eujus
736 440 855 484 vocis
895 456 1025 497 quum
1064 441 1287 495 πέργουλος
1331 443 1467 485 forma
1507 444 1563 486 sit

110 511 238 553 etiam
268 511 407 569 magis
437 510 685 563 Laconica,
744 514 919 565 apparet
963 508 1123 564 corrigi
1161 517 1386 567 oportere:
1446 513 1562 567 πέρ-

108 585 330 631 γουλον,
378 578 622 632 ὄρνιθάριον
653 577 820 630 ἄγριον·
868 574 1081 623 Λάκωνες.

222 648 350 704 Pag.
387 648 466 688 112
495 645 524 687 l.
557 646 624 685 14.
685 644 795 699 Leg.
831 643 1075 685 Concursus
1107 649 1426 688 consonantium
1456 664 1530 689 νσ.

220 739 274 746 —-
334 715 367 756 l.
401 715 469 756 15.
529 712 641 771 Leg.
675 714 816 754 altera
845 714 992 764 ejecta.

217 783 346 839 Pag.
377 781 429 824 13
463 798 539 822 nr.
572 781 613 823 S.
674 779 801 821 Adde
831 779 1006 820 nomina
1039 780 1325 834 Θαρσυδίκας,
1365 782 1560 836 &cippum

113 849 484 905 Θαρρυπτόλεμος,
534 848 586 889 de
617 847 775 905 quibus
808 863 935 904 supra
965 846 1157 888 diximus
1187 848 1240 888 ad
1270 865 1315 905 p.
1352 850 1445 892 102.

222 917 365 959 lbid.
399 925 506 959 not.
542 918 566 959 5
627 918 793 971 Λρίφος
836 915 1065 956 barbarum
1096 915 1256 956 dicitur
1295 917 1347 957 ab
1389 929 1564 963 auctore

107 988 201 1039 περὶ
229 987 527 1040 βαμόάρισμιοῦ
555 991 654 1041 post
683 983 965 1024 Ammonium
996 1000 1038 1040 p.
1067 983 1145 1025 195
1177 983 1332 1025 Valck.

220 1053 345 1109 Pag.
379 1053 477 1094 115.
539 1052 608 1094 De
650 1051 907 1106 Ἁρταμίῑιος
948 1058 989 1092 et
1029 1050 1275 1106 Ἀρτεμίῑιος
1313 1053 1399 1094 vid.
1442 1070 1560 1113 supr.

105 1120 160 1163 ad
188 1137 233 1179 p.
261 1120 331 1162 61.

219 1189 290 1230 Pa
305 1205 347 1246 g.
382 1188 459 1229 121
502 1188 533 1228 l.
569 1186 608 1227 5.
670 1186 781 1244 Leg.
816 1201 898 1241 quo
931 1187 1108 1229 accedit.

219 1283 272 1289 --
330 1256 360 1298 l.
398 1255 465 1297 10.
525 1254 653 1296 Adde
683 1254 855 1303 πυάνιος
884 1254 1028 1296 Alem.
1062 1255 1118 1297 60
1147 1254 1254 1310 (28).

217 1346 273 1352 —
320 1323 351 1365 l.
374 1324 427 1366 21
462 1339 611 1381 seqq.
674 1323 741 1364 De
773 1324 892 1363 συκιά
923 1331 965 1364 et
994 1324 1220 1366 nominum
1250 1323 1297 1366 in
1328 1325 1398 1373 ἔας·
1428 1334 1469 1368 et
1499 1328 1564 1374 ιάς

106 1391 421 1449 permutatione
459 1391 516 1432 ef.
548 1391 742 1433 Lobeck.
776 1391 937 1433 Parall.
981 1407 1025 1448 p.
1059 1392 1141 1434 339
1179 1400 1220 1435 et
1259 1393 1376 1437 Keil.
1409 1393 1560 1438 Anall.

105 1475 146 1516 p.
178 1460 247 1501 72.
279 1460 379 1502 246.

217 1527 342 1583 Pag.
378 1528 475 1571 124.
536 1527 604 1568 De
645 1541 751 1568 voce
791 1525 1002 1580 ἇμυσχρός
1046 1528 1134 1569 vid.
1177 1528 1369 1571 Meinelz.
1410 1528 1561 1572 Anall.

106 1595 262 1637 Alexx.
313 1612 357 1653 p.
389 1596 470 1639 261
513 1604 555 1637 et
585 1610 694 1652 quae
738 1610 817 1637 nos
859 1596 1184 1652 composuimus
1224 1596 1263 1652 §-
1297 1598 1353 1652 S,
1386 1598 1411 1639 3
1450 1614 1486 1640 s.
1520 1613 1562 1640 v.

108 1661 314 1717 μούρκορ.

217 1731 344 1788 Pag.
381 1731 461 1774 138
491 1738 624 1772 extr.
673 1730 831 1785 γλάχωυ
862 1730 1101 1786 Phrynieh.
1129 1730 1176 1772 in
1199 1731 1337 1774 Bekk.
1361 1733 1561 1777 Anecdd.

27 1799 37 1809 ·
104 1813 147 1855 p.
181 1798 259 1847 30,
294 1798 361 1840 15.

217 1866 346 1924 Pag.
382 1866 463 1908 140
507 1867 537 1907 l.
575 1867 642 1907 11.
703 1865 774 1906 Ad
815 1869 948 1913 κᾶπος
988 1866 1148 1908 rectius
1181 1883 1310 1924 quam
1348 1869 1402 1911 ad
1434 1869 1562 1919 κάπη,

103 1942 152 1976 ut
180 1934 439 1987 voluerunt,
479 1933 661 1975 traxeris
694 1933 958 1985 ὁμοκάπους,
1002 1950 1088 1991 quo
1118 1935 1293 1978 nomine
1325 1937 1564 1980 seeundum

105 2002 289 2044 Aristot.
325 2001 424 2044 Pol.
457 2003 506 2055 I,
540 2003 590 2055 1,
622 2000 649 2042 6
687 2001 798 2058 apud
833 2001 1064 2044 Cretenses
1096 2004 1363 2046 vocabantur
1384 2039 1395 2055 ,
1454 2020 1564 2064 quos

107 2069 254 2111 eadem
286 2068 440 2110 domus
472 2069 737 2111 continebat.

218 2136 345 2192 Pag.
381 2136 461 2177 143
499 2137 532 2178 l.
563 2137 634 2180 20.
698 2136 808 2179 Cum
842 2139 1110 2188 Πολυπαῖὂης
1140 2139 1372 2197 Epidaurii
1402 2154 1561 2181 nomen

104 2203 324 2251 Εὐπαΐὸας
355 2202 556 2260 Thucyd.
597 2205 679 2258 IV,
713 2205 794 2247 119
834 2204 945 2247 bene
985 2206 1170 2248 eontulit
1209 2207 1380 2248 Reilius
1409 2207 1561 2249 Anall.

103 2289 148 2331 p.
181 2272 251 2314 72.

218 2338 344 2394 Pag.
378 2338 461 2379 144
499 2338 531 2380 l.
563 2339 606 2381 9.
666 2339 809 2393 Σάμος
839 2342 908 2382 vel
937 2340 1097 2394 Σάμιος
1127 2340 1365 2400 Spartanus
1404 2348 1447 2382 et
1475 2339 1564 2382 Σά-

106 2422 182 2460 μος·
221 2406 292 2447 vel
321 2405 481 2457 Σάμιος
521 2413 646 2463 poeta
689 2409 923 2450 afferuntur
963 2425 986 2450 a
1015 2409 1161 2451 Reilio
1190 2409 1342 2451 Anall.
1383 2425 1428 2466 p.
1462 2408 1560 2451 154.

76 2473 223 2516 *Illud
262 2489 419 2515 nomen
461 2473 498 2514 si
528 2473 669 2515 verius
701 2486 797 2529 est,
842 2476 1165 2518 circumflexum
1197 2477 1416 2533 postulare
1445 2476 1562 2518 vide-

105 2550 191 2584 tur.
262 2541 370 2583 Nam
403 2541 546 2583 omnia
576 2543 666 2583 fere
696 2545 869 2585 nomina
901 2560 923 2585 a
952 2548 1046 2596 Σαμ
1077 2559 1198 2597 orsa,
1247 2560 1357 2602 quae
1387 2543 1561 2586 Keilius

107 2624 158 2651 eo
188 2609 286 2651 loeo
317 2609 564 2666 congessit,
623 2610 710 2651 nisi
747 2627 831 2668 qua
869 2611 920 2652 ab
952 2611 1093 2653 insula
1124 2612 1253 2653 Samo
1283 2612 1409 2653 dueta
1442 2619 1558 2660 sunt,

107 2692 156 2718 ea
187 2693 284 2720 esse
313 2677 540 2730 videntur,
583 2693 692 2734 quae
731 2680 844 2736 apud
883 2679 1055 2721 Atticos
1098 2687 1139 2721 et
1179 2681 1306 2721 lones
1346 2697 1371 2728 η
1412 2685 1560 2736 postu-

107 2744 216 2787 lent.
309 2744 419 2787 Cum
449 2744 592 2797 Σάμος
633 2753 674 2786 et
713 2745 874 2797 Σάμιος
914 2747 1063 2789 confer
1101 2750 1244 2800 Σῆμον
1280 2746 1559 2788 Deliaeorum
