<?xml version="1.0" encoding="UTF-8"?>
<!DOCTYPE html PUBLIC "-//W3C//DTD XHTML 1.0 Transitional//EN"
    "http://www.w3.org/TR/xhtml1/DTD/xhtml1-transitional.dtd">
<html xmlns="http://www.w3.org/1999/xhtml" xml:lang="en" lang="en">
 <head>
  <title>
</title>
<meta http-equiv="Content-Type" content="text/html;charset=utf-8" />
  <meta name='ocr-system' content='tesseract 3.04.00' />
  <meta name='ocr-capabilities' content='ocr_page ocr_carea ocr_par ocr_line ocrx_word'/>
</head>
<body>
  <div class='ocr_page' id='page_1' title='image "./degraecaelinguae01ahreuoft_0881.png"; bbox 0 0 1779 3079; ppageno 0'>
   <div class='ocr_carea' id='block_1_1' title="bbox 541 169 1591 221">
    <p class='ocr_par' dir='ltr' id='par_1_1' title="bbox 541 169 1591 221">
     <span class='ocr_line' id='line_1_1' title="bbox 541 169 1591 221; baseline -0.002 -1"><span class='ocrx_word' id='word_1_1' title='bbox 541 172 616 220; x_wconf 86' lang='lat' dir='ltr'><strong>Ad</strong></span> <span class='ocrx_word' id='word_1_2' title='bbox 650 171 862 220; x_wconf 84' lang='lat' dir='ltr'><strong>Librum</strong></span> <span class='ocrx_word' id='word_1_3' title='bbox 895 171 1185 221; x_wconf 83' lang='lat' dir='ltr'><strong>Secundum.</strong></span> <span class='ocrx_word' id='word_1_4' title='bbox 1493 169 1591 220; x_wconf 86' lang='lat'><strong>557</strong></span> 
     </span>
    </p>
   </div>
   <div class='ocr_carea' id='block_1_2' title="bbox 137 304 1595 2788">
    <p class='ocr_par' dir='ltr' id='par_1_2' title="bbox 142 304 1594 568">
     <span class='ocr_line' id='line_1_2' title="bbox 256 304 1592 366; baseline -0.001 -18"><span class='ocrx_word' id='word_1_5' title='bbox 256 307 380 366; x_wconf 79' lang='lat' dir='ltr'><strong>Pag.</strong></span> <span class='ocrx_word' id='word_1_6' title='bbox 414 307 470 351; x_wconf 86' lang='lat'><strong>88</strong></span> <span class='ocrx_word' id='word_1_7' title='bbox 509 307 631 349; x_wconf 87' lang='lat' dir='ltr'><strong>init.</strong></span> <span class='ocrx_word' id='word_1_8' title='bbox 700 307 827 349; x_wconf 86' lang='lat' dir='ltr'><strong>Adde</strong></span> <span class='ocrx_word' id='word_1_9' title='bbox 871 307 1046 357; x_wconf 68' lang='grc' dir='ltr'><em>ἀνέθηκε</em></span> <span class='ocrx_word' id='word_1_10' title='bbox 1087 307 1289 359; x_wconf 74' lang='grc' dir='ltr'><em>Ἀθαναίᾳ</em></span> <span class='ocrx_word' id='word_1_11' title='bbox 1328 305 1373 347; x_wconf 88' lang='lat' dir='ltr'><strong>in</strong></span> <span class='ocrx_word' id='word_1_12' title='bbox 1413 304 1592 362; x_wconf 84' lang='lat' dir='ltr'><strong>antiquo</strong></span> 
     </span>
     <span class='ocr_line' id='line_1_3' title="bbox 142 374 1594 417; baseline -0.002 -1"><span class='ocrx_word' id='word_1_13' title='bbox 142 374 267 417; x_wconf 89' lang='lat' dir='ltr'><strong>titulo</strong></span> <span class='ocrx_word' id='word_1_14' title='bbox 298 375 516 417; x_wconf 82' lang='lat' dir='ltr'><strong>Laconico</strong></span> <span class='ocrx_word' id='word_1_15' title='bbox 543 376 677 417; x_wconf 79' lang='lat' dir='ltr'><strong>Leak.</strong></span> <span class='ocrx_word' id='word_1_16' title='bbox 720 392 785 416; x_wconf 88' lang='lat' dir='ltr'><strong>nr.</strong></span> <span class='ocrx_word' id='word_1_17' title='bbox 819 376 872 416; x_wconf 89' lang='grc'><strong>71</strong></span> <span class='ocrx_word' id='word_1_18' title='bbox 914 392 936 416; x_wconf 91' lang='lat' dir='ltr'><strong>e</strong></span> <span class='ocrx_word' id='word_1_19' title='bbox 969 375 1151 417; x_wconf 87' lang='lat' dir='ltr'><strong>Seidelii</strong></span> <span class='ocrx_word' id='word_1_20' title='bbox 1194 375 1365 417; x_wconf 76' lang='lat' dir='ltr'><strong>schedis</strong></span> <span class='ocrx_word' id='word_1_21' title='bbox 1397 381 1521 415; x_wconf 86' lang='lat' dir='ltr'><strong>aucto</strong></span> <span class='ocrx_word' id='word_1_22' title='bbox 1552 380 1594 414; x_wconf 88' lang='lat' dir='ltr'><strong>et</strong></span> 
     </span>
     <span class='ocr_line' id='line_1_4' title="bbox 142 441 1592 501; baseline -0.001 -17"><span class='ocrx_word' id='word_1_23' title='bbox 142 443 292 485; x_wconf 85' lang='lat' dir='ltr'><strong>confer</strong></span> <span class='ocrx_word' id='word_1_24' title='bbox 320 443 512 485; x_wconf 73' lang='lat' dir='ltr'><strong>Keilium</strong></span> <span class='ocrx_word' id='word_1_25' title='bbox 544 444 692 485; x_wconf 81' lang='lat' dir='ltr'><strong>Anall.</strong></span> <span class='ocrx_word' id='word_1_26' title='bbox 736 460 779 501; x_wconf 87' lang='lat' dir='ltr'><strong>p.</strong></span> <span class='ocrx_word' id='word_1_27' title='bbox 813 443 897 495; x_wconf 84' lang='grc'><strong>89,</strong></span> <span class='ocrx_word' id='word_1_28' title='bbox 941 443 1017 500; x_wconf 82' lang='lat' dir='ltr'><strong>qui</strong></span> <span class='ocrx_word' id='word_1_29' title='bbox 1057 444 1188 484; x_wconf 88' lang='lat' dir='ltr'><strong>multa</strong></span> <span class='ocrx_word' id='word_1_30' title='bbox 1229 442 1312 485; x_wconf 83' lang='lat' dir='ltr'><strong>alia</strong></span> <span class='ocrx_word' id='word_1_31' title='bbox 1343 441 1538 500; x_wconf 83' lang='lat' dir='ltr'><strong>exempla</strong></span> <span class='ocrx_word' id='word_1_32' title='bbox 1569 456 1592 482; x_wconf 87' lang='lat' dir='ltr'><strong>e</strong></span> 
     </span>
     <span class='ocr_line' id='line_1_5' title="bbox 143 509 1105 568; baseline -0.001 -17"><span class='ocrx_word' id='word_1_33' title='bbox 143 510 355 552; x_wconf 82' lang='lat' dir='ltr'><strong>variarum</strong></span> <span class='ocrx_word' id='word_1_34' title='bbox 388 511 670 554; x_wconf 82' lang='lat' dir='ltr'><strong>dialectorum</strong></span> <span class='ocrx_word' id='word_1_35' title='bbox 699 509 838 552; x_wconf 86' lang='lat' dir='ltr'><strong>titulis</strong></span> <span class='ocrx_word' id='word_1_36' title='bbox 869 510 1105 568; x_wconf 77' lang='lat' dir='ltr'><strong>congessit.</strong></span> 
     </span>
    </p>

    <p class='ocr_par' dir='ltr' id='par_1_3' title="bbox 141 576 1592 702">
     <span class='ocr_line' id='line_1_6' title="bbox 251 576 1592 634; baseline -0.002 -13"><span class='ocrx_word' id='word_1_37' title='bbox 251 603 308 609; x_wconf 88' lang='lat'><strong>-—</strong></span> <span class='ocrx_word' id='word_1_38' title='bbox 346 595 423 620; x_wconf 87' lang='lat' dir='ltr'><strong>nr.</strong></span> <span class='ocrx_word' id='word_1_39' title='bbox 458 580 526 621; x_wconf 89' lang='grc'><strong>13.</strong></span> <span class='ocrx_word' id='word_1_40' title='bbox 588 578 715 619; x_wconf 88' lang='lat' dir='ltr'><strong>Adde</strong></span> <span class='ocrx_word' id='word_1_41' title='bbox 745 577 962 634; x_wconf 81' lang='lat' dir='ltr'><strong>antiquam</strong></span> <span class='ocrx_word' id='word_1_42' title='bbox 995 576 1324 633; x_wconf 82' lang='lat' dir='ltr'>inscriptionem</span> <span class='ocrx_word' id='word_1_43' title='bbox 1354 576 1592 618; x_wconf 79' lang='lat' dir='ltr'><strong>Theraeam</strong></span> 
     </span>
     <span class='ocr_line' id='line_1_7' title="bbox 141 644 1496 702; baseline 0 -16"><span class='ocrx_word' id='word_1_44' title='bbox 141 660 208 687; x_wconf 87' lang='lat' dir='ltr'><strong>nr.</strong></span> <span class='ocrx_word' id='word_1_45' title='bbox 243 647 265 688; x_wconf 93' lang='lat'><strong>1</strong></span> <span class='ocrx_word' id='word_1_46' title='bbox 284 678 296 701; x_wconf 92' lang='lat'><strong>,</strong></span> <span class='ocrx_word' id='word_1_47' title='bbox 329 647 387 700; x_wconf 85' lang='lat'><strong>6,</strong></span> <span class='ocrx_word' id='word_1_48' title='bbox 430 647 506 687; x_wconf 89' lang='lat' dir='ltr'><strong>ubi</strong></span> <span class='ocrx_word' id='word_1_49' title='bbox 536 645 689 702; x_wconf 79' lang='lat' dir='ltr'><strong>Roppa</strong></span> <span class='ocrx_word' id='word_1_50' title='bbox 722 650 787 685; x_wconf 90' lang='lat' dir='ltr'><strong>est</strong></span> <span class='ocrx_word' id='word_1_51' title='bbox 816 651 912 685; x_wconf 86' lang='lat' dir='ltr'><strong>ante</strong></span> <span class='ocrx_word' id='word_1_52' title='bbox 951 649 986 685; x_wconf 89' lang='lat' dir='ltr'><em>O</em></span> <span class='ocrx_word' id='word_1_53' title='bbox 1017 645 1062 685; x_wconf 88' lang='lat' dir='ltr'><strong>in</strong></span> <span class='ocrx_word' id='word_1_54' title='bbox 1094 660 1198 686; x_wconf 87' lang='lat' dir='ltr'><strong>voce</strong></span> <span class='ocrx_word' id='word_1_55' title='bbox 1229 644 1496 687; x_wconf 84' lang='lat' dir='ltr'><strong>obscuriore.</strong></span> 
     </span>
    </p>

    <p class='ocr_par' dir='ltr' id='par_1_4' title="bbox 253 711 1087 771">
     <span class='ocr_line' id='line_1_8' title="bbox 253 711 1087 771; baseline -0.004 -15"><span class='ocrx_word' id='word_1_56' title='bbox 253 715 382 771; x_wconf 79' lang='lat' dir='ltr'><strong>Pag.</strong></span> <span class='ocrx_word' id='word_1_57' title='bbox 416 714 468 755; x_wconf 84' lang='lat'><strong>91</strong></span> <span class='ocrx_word' id='word_1_58' title='bbox 508 714 539 755; x_wconf 94' lang='lat' dir='ltr'><strong>l.</strong></span> <span class='ocrx_word' id='word_1_59' title='bbox 575 713 642 755; x_wconf 86' lang='lat'><strong>15.</strong></span> <span class='ocrx_word' id='word_1_60' title='bbox 705 711 816 768; x_wconf 76' lang='lat' dir='ltr'><strong>Leg.</strong></span> <span class='ocrx_word' id='word_1_61' title='bbox 860 713 900 765; x_wconf 66' lang='grc' dir='ltr'><strong>ξ.</strong></span> <span class='ocrx_word' id='word_1_62' title='bbox 935 712 1014 766; x_wconf 81' lang='grc'><strong>35,</strong></span> <span class='ocrx_word' id='word_1_63' title='bbox 1048 713 1087 753; x_wconf 92' lang='grc'><strong>1.</strong></span> 
     </span>
    </p>

    <p class='ocr_par' dir='ltr' id='par_1_5' title="bbox 141 779 1590 907">
     <span class='ocr_line' id='line_1_9' title="bbox 248 779 1590 830; baseline 0.001 -8"><span class='ocrx_word' id='word_1_64' title='bbox 248 806 302 813; x_wconf 87' lang='lat'><strong>-—-</strong></span> <span class='ocrx_word' id='word_1_65' title='bbox 359 796 437 822; x_wconf 87' lang='lat' dir='ltr'><strong>nr.</strong></span> <span class='ocrx_word' id='word_1_66' title='bbox 484 781 524 823; x_wconf 85' lang='lat'><strong>3.</strong></span> <span class='ocrx_word' id='word_1_67' title='bbox 612 780 682 822; x_wconf 90' lang='lat' dir='ltr'><strong>De</strong></span> <span class='ocrx_word' id='word_1_68' title='bbox 734 779 970 830; x_wconf 72' lang='grc' dir='ltr'><em>Σοιξιτέλης</em></span> <span class='ocrx_word' id='word_1_69' title='bbox 1022 787 1103 822; x_wconf 89' lang='lat' dir='ltr'><strong>etc.</strong></span> <span class='ocrx_word' id='word_1_70' title='bbox 1159 781 1216 821; x_wconf 84' lang='lat' dir='ltr'><strong>ef.</strong></span> <span class='ocrx_word' id='word_1_71' title='bbox 1272 780 1388 823; x_wconf 81' lang='lat' dir='ltr'><strong>Rcil.</strong></span> <span class='ocrx_word' id='word_1_72' title='bbox 1441 781 1590 824; x_wconf 80' lang='lat' dir='ltr'><strong>Anall.</strong></span> 
     </span>
     <span class='ocr_line' id='line_1_10' title="bbox 141 849 321 907; baseline -0.006 -17"><span class='ocrx_word' id='word_1_73' title='bbox 141 865 185 907; x_wconf 88' lang='lat' dir='ltr'><strong>p.</strong></span> <span class='ocrx_word' id='word_1_74' title='bbox 225 849 321 890; x_wconf 91' lang='grc'><strong>117.</strong></span> 
     </span>
    </p>

    <p class='ocr_par' dir='ltr' id='par_1_6' title="bbox 137 914 1595 1298">
     <span class='ocr_line' id='line_1_11' title="bbox 252 914 1595 974; baseline 0.001 -17"><span class='ocrx_word' id='word_1_75' title='bbox 252 917 376 974; x_wconf 78' lang='lat' dir='ltr'><strong>Pag.</strong></span> <span class='ocrx_word' id='word_1_76' title='bbox 408 917 464 959; x_wconf 79' lang='grc'><strong>99</strong></span> <span class='ocrx_word' id='word_1_77' title='bbox 507 916 539 959; x_wconf 90' lang='lat' dir='ltr'><strong>l.</strong></span> <span class='ocrx_word' id='word_1_78' title='bbox 574 916 642 958; x_wconf 92' lang='grc'><strong>12.</strong></span> <span class='ocrx_word' id='word_1_79' title='bbox 703 914 832 958; x_wconf 89' lang='lat' dir='ltr'><strong>Adde</strong></span> <span class='ocrx_word' id='word_1_80' title='bbox 865 915 1054 957; x_wconf 78' lang='lat' dir='ltr'><strong>Pausan.</strong></span> <span class='ocrx_word' id='word_1_81' title='bbox 1088 915 1253 958; x_wconf 82' lang='lat' dir='ltr'><strong>Lacon.</strong></span> <span class='ocrx_word' id='word_1_82' title='bbox 1289 931 1327 958; x_wconf 92' lang='lat' dir='ltr'><strong>e.</strong></span> <span class='ocrx_word' id='word_1_83' title='bbox 1364 915 1430 958; x_wconf 86' lang='lat'><strong>19.</strong></span> <span class='ocrx_word' id='word_1_84' title='bbox 1492 917 1595 959; x_wconf 76' lang='grc' dir='ltr'><strong><em>Διό-</em></strong></span> 
     </span>
     <span class='ocr_line' id='line_1_12' title="bbox 140 982 1593 1041; baseline 0.001 -17"><span class='ocrx_word' id='word_1_85' title='bbox 140 1000 264 1026; x_wconf 79' lang='grc' dir='ltr'><em>νυσον</em></span> <span class='ocrx_word' id='word_1_86' title='bbox 296 983 507 1038; x_wconf 73' lang='grc' dir='ltr'><em>ὀρθότατα</em></span> <span class='ocrx_word' id='word_1_87' title='bbox 538 984 626 1036; x_wconf 75' lang='grc' dir='ltr'><em>ἐμοὶ</em></span> <span class='ocrx_word' id='word_1_88' title='bbox 658 984 790 1024; x_wconf 78' lang='grc' dir='ltr'><em>δοκεῖν</em></span> <span class='ocrx_word' id='word_1_89' title='bbox 830 985 958 1025; x_wconf 57' lang='lat' dir='ltr'><em>qimau</em></span> <span class='ocrx_word' id='word_1_90' title='bbox 989 982 1307 1036; x_wconf 76' lang='grc' dir='ltr'><em>ἐπονομάζοντες</em></span> <span class='ocrx_word' id='word_1_91' title='bbox 1326 995 1336 1004; x_wconf 93' lang='grc'><em>·</em></span> <span class='ocrx_word' id='word_1_92' title='bbox 1382 985 1485 1037; x_wconf 78' lang='grc' dir='ltr'><em>ψίλα</em></span> <span class='ocrx_word' id='word_1_93' title='bbox 1514 983 1593 1041; x_wconf 75' lang='grc' dir='ltr'><strong>γὰρ</strong></span> 
     </span>
     <span class='ocr_line' id='line_1_13' title="bbox 140 1049 1594 1108; baseline 0.001 -16"><span class='ocrx_word' id='word_1_94' title='bbox 140 1055 336 1093; x_wconf 84' lang='grc' dir='ltr'><em>καλοῦσιν</em></span> <span class='ocrx_word' id='word_1_95' title='bbox 368 1056 405 1094; x_wconf 86' lang='grc' dir='ltr'><strong>οἱ</strong></span> <span class='ocrx_word' id='word_1_96' title='bbox 435 1053 615 1105; x_wconf 68' lang='grc' dir='ltr'><strong>Δωριεῖς</strong></span> <span class='ocrx_word' id='word_1_97' title='bbox 644 1049 692 1091; x_wconf 73' lang='grc' dir='ltr'><strong>τά</strong></span> <span class='ocrx_word' id='word_1_98' title='bbox 722 1050 878 1104; x_wconf 71' lang='grc' dir='ltr'>πτερά,</span> <span class='ocrx_word' id='word_1_99' title='bbox 912 1052 968 1093; x_wconf 83' lang='lat' dir='ltr'><strong>ef.</strong></span> <span class='ocrx_word' id='word_1_100' title='bbox 992 1051 1184 1108; x_wconf 74' lang='lat' dir='ltr'><strong>Hesyeh.</strong></span> <span class='ocrx_word' id='word_1_101' title='bbox 1222 1051 1439 1105; x_wconf 72' lang='grc' dir='ltr'><strong>ἄφιλον,</strong></span> <span class='ocrx_word' id='word_1_102' title='bbox 1474 1053 1594 1094; x_wconf 79' lang='grc' dir='ltr'><em>ἄπτε-</em></span> 
     </span>
     <span class='ocr_line' id='line_1_14' title="bbox 141 1118 1595 1174; baseline 0 -13"><span class='ocrx_word' id='word_1_103' title='bbox 141 1136 216 1172; x_wconf 77' lang='grc' dir='ltr'><strong>ρον</strong></span> <span class='ocrx_word' id='word_1_104' title='bbox 256 1120 283 1169; x_wconf 78' lang='grc' dir='ltr'><em>ἤ</em></span> <span class='ocrx_word' id='word_1_105' title='bbox 315 1119 563 1173; x_wconf 73' lang='grc' dir='ltr'><em>πολύπτερον</em></span> <span class='ocrx_word' id='word_1_106' title='bbox 595 1146 649 1151; x_wconf 84' lang='grc'>-</span> <span class='ocrx_word' id='word_1_107' title='bbox 694 1119 925 1172; x_wconf 79' lang='grc' dir='ltr'><strong>ψίλακα,</strong></span> <span class='ocrx_word' id='word_1_108' title='bbox 970 1118 1121 1171; x_wconf 77' lang='grc' dir='ltr'><strong>ψιλὸν,</strong></span> <span class='ocrx_word' id='word_1_109' title='bbox 1167 1120 1302 1169; x_wconf 74' lang='grc' dir='ltr'><em>λεῖον,</em></span> <span class='ocrx_word' id='word_1_110' title='bbox 1350 1119 1499 1174; x_wconf 75' lang='grc' dir='ltr'><em>πτερὸν</em></span> <span class='ocrx_word' id='word_1_111' title='bbox 1539 1149 1595 1154; x_wconf 88' lang='grc'><strong>-</strong></span> 
     </span>
     <span class='ocr_line' id='line_1_15' title="bbox 140 1186 1594 1245; baseline 0.003 -18"><span class='ocrx_word' id='word_1_112' title='bbox 140 1189 347 1240; x_wconf 76' lang='grc' dir='ltr'><strong>ψιλίον,</strong></span> <span class='ocrx_word' id='word_1_113' title='bbox 395 1186 557 1244; x_wconf 77' lang='grc' dir='ltr'><strong>πτερόν.</strong></span> <span class='ocrx_word' id='word_1_114' title='bbox 646 1186 799 1244; x_wconf 86' lang='lat' dir='ltr'><strong>Itaque</strong></span> <span class='ocrx_word' id='word_1_115' title='bbox 829 1186 1041 1229; x_wconf 87' lang='lat' dir='ltr'><strong>Doricum</strong></span> <span class='ocrx_word' id='word_1_116' title='bbox 1072 1188 1193 1241; x_wconf 68' lang='grc' dir='ltr'><em>φίλων</em></span> <span class='ocrx_word' id='word_1_117' title='bbox 1221 1203 1302 1245; x_wconf 88' lang='lat' dir='ltr'><strong>pro</strong></span> <span class='ocrx_word' id='word_1_118' title='bbox 1330 1189 1468 1230; x_wconf 82' lang='grc' dir='ltr'><em>πτίλον</em></span> <span class='ocrx_word' id='word_1_119' title='bbox 1498 1204 1594 1232; x_wconf 88' lang='lat' dir='ltr'><strong>esse</strong></span> 
     </span>
     <span class='ocr_line' id='line_1_16' title="bbox 137 1254 323 1298; baseline 0.011 -2"><span class='ocrx_word' id='word_1_120' title='bbox 137 1254 323 1298; x_wconf 82' lang='lat' dir='ltr'><strong>videtur.</strong></span> 
     </span>
    </p>

    <p class='ocr_par' dir='ltr' id='par_1_7' title="bbox 250 1323 977 1380">
     <span class='ocr_line' id='line_1_17' title="bbox 250 1323 977 1380; baseline 0.001 -16"><span class='ocrx_word' id='word_1_121' title='bbox 250 1351 306 1357; x_wconf 87' lang='lat'><em>-</em></span> <span class='ocrx_word' id='word_1_122' title='bbox 363 1331 470 1365; x_wconf 90' lang='lat' dir='ltr'><strong>not.</strong></span> <span class='ocrx_word' id='word_1_123' title='bbox 504 1324 544 1365; x_wconf 84' lang='lat'><strong>8.</strong></span> <span class='ocrx_word' id='word_1_124' title='bbox 605 1323 714 1380; x_wconf 78' lang='lat' dir='ltr'><strong>Leg.</strong></span> <span class='ocrx_word' id='word_1_125' title='bbox 749 1325 789 1376; x_wconf 69' lang='grc' dir='ltr'><strong>ξ.</strong></span> <span class='ocrx_word' id='word_1_126' title='bbox 823 1323 903 1378; x_wconf 81' lang='grc'><strong>35,</strong></span> <span class='ocrx_word' id='word_1_127' title='bbox 937 1325 977 1366; x_wconf 91' lang='grc'><strong>1.</strong></span> 
     </span>
    </p>

    <p class='ocr_par' dir='ltr' id='par_1_8' title="bbox 138 1390 1595 1649">
     <span class='ocr_line' id='line_1_18' title="bbox 252 1390 1592 1450; baseline 0.003 -18"><span class='ocrx_word' id='word_1_128' title='bbox 252 1391 374 1448; x_wconf 73' lang='lat' dir='ltr'><strong>Pag.</strong></span> <span class='ocrx_word' id='word_1_129' title='bbox 410 1391 491 1433; x_wconf 88' lang='grc'><strong>100</strong></span> <span class='ocrx_word' id='word_1_130' title='bbox 534 1391 565 1433; x_wconf 88' lang='lat' dir='ltr'><strong>l.</strong></span> <span class='ocrx_word' id='word_1_131' title='bbox 597 1391 640 1434; x_wconf 78' lang='grc'><strong>2.</strong></span> <span class='ocrx_word' id='word_1_132' title='bbox 704 1390 774 1433; x_wconf 86' lang='lat' dir='ltr'><strong>Cf.</strong></span> <span class='ocrx_word' id='word_1_133' title='bbox 816 1391 1086 1449; x_wconf 71' lang='lat' dir='ltr'><strong>Theognost.</strong></span> <span class='ocrx_word' id='word_1_134' title='bbox 1129 1393 1177 1435; x_wconf 85' lang='lat' dir='ltr'><strong>iu</strong></span> <span class='ocrx_word' id='word_1_135' title='bbox 1216 1392 1335 1434; x_wconf 87' lang='lat' dir='ltr'><strong>Ann.</strong></span> <span class='ocrx_word' id='word_1_136' title='bbox 1384 1392 1497 1435; x_wconf 83' lang='lat' dir='ltr'><strong>Oxx.</strong></span> <span class='ocrx_word' id='word_1_137' title='bbox 1531 1394 1592 1450; x_wconf 92' lang='lat' dir='ltr'><strong>II,</strong></span> 
     </span>
     <span class='ocr_line' id='line_1_19' title="bbox 140 1457 1595 1517; baseline 0.003 -17"><span class='ocrx_word' id='word_1_138' title='bbox 140 1457 218 1512; x_wconf 85' lang='grc'><strong>56,</strong></span> <span class='ocrx_word' id='word_1_139' title='bbox 249 1459 305 1502; x_wconf 77' lang='grc'><strong>28</strong></span> <span class='ocrx_word' id='word_1_140' title='bbox 334 1459 489 1511; x_wconf 77' lang='lat' dir='ltr'><strong>(Bekk.</strong></span> <span class='ocrx_word' id='word_1_141' title='bbox 521 1457 665 1515; x_wconf 80' lang='grc'><strong>1421).</strong></span> <span class='ocrx_word' id='word_1_142' title='bbox 728 1459 1020 1513; x_wconf 76' lang='grc' dir='ltr'><em>Συρακόσσιος</em></span> <span class='ocrx_word' id='word_1_143' title='bbox 1041 1473 1052 1482; x_wconf 83' lang='grc'><em>·</em></span> <span class='ocrx_word' id='word_1_144' title='bbox 1086 1461 1191 1503; x_wconf 84' lang='grc' dir='ltr'><em>οὕτω</em></span> <span class='ocrx_word' id='word_1_145' title='bbox 1221 1460 1300 1517; x_wconf 73' lang='grc' dir='ltr'><strong>γὰρ</strong></span> <span class='ocrx_word' id='word_1_146' title='bbox 1329 1461 1595 1514; x_wconf 52' lang='grc' dir='ltr'><strong>(Ηρωὸιανός</strong></span> 
     </span>
     <span class='ocr_line' id='line_1_20' title="bbox 139 1526 1594 1584; baseline 0.004 -18"><span class='ocrx_word' id='word_1_147' title='bbox 139 1527 180 1567; x_wconf 76' lang='grc' dir='ltr'><strong>ἕν</strong></span> <span class='ocrx_word' id='word_1_148' title='bbox 207 1529 257 1584; x_wconf 74' lang='grc' dir='ltr'><strong>τῇ</strong></span> <span class='ocrx_word' id='word_1_149' title='bbox 287 1526 473 1569; x_wconf 75' lang='grc' dir='ltr'><em>καθόλου</em></span> <span class='ocrx_word' id='word_1_150' title='bbox 506 1526 572 1568; x_wconf 73' lang='grc' dir='ltr'><strong>διὰ</strong></span> <span class='ocrx_word' id='word_1_151' title='bbox 614 1526 685 1569; x_wconf 75' lang='grc' dir='ltr'><strong>δύο</strong></span> <span class='ocrx_word' id='word_1_152' title='bbox 717 1529 762 1571; x_wconf 54' lang='lat' dir='ltr'><strong>a}</strong></span> <span class='ocrx_word' id='word_1_153' title='bbox 795 1531 866 1569; x_wconf 79' lang='grc' dir='ltr'><strong>καὶ</strong></span> <span class='ocrx_word' id='word_1_154' title='bbox 900 1527 967 1569; x_wconf 67' lang='grc' dir='ltr'><strong>διὰ</strong></span> <span class='ocrx_word' id='word_1_155' title='bbox 1007 1532 1080 1570; x_wconf 81' lang='grc' dir='ltr'><strong>τοῦ</strong></span> <span class='ocrx_word' id='word_1_156' title='bbox 1110 1537 1131 1570; x_wconf 80' lang='grc' dir='ltr'><em>ὃ</em></span> <span class='ocrx_word' id='word_1_157' title='bbox 1168 1527 1342 1584; x_wconf 76' lang='grc' dir='ltr'><em>γράφων</em></span> <span class='ocrx_word' id='word_1_158' title='bbox 1380 1529 1425 1572; x_wconf 84' lang='grc' dir='ltr'><strong>τὸ</strong></span> <span class='ocrx_word' id='word_1_159' title='bbox 1465 1530 1594 1583; x_wconf 77' lang='grc' dir='ltr'><em>ὄνομα</em></span> 
     </span>
     <span class='ocr_line' id='line_1_21' title="bbox 138 1595 439 1649; baseline 0.007 -15"><span class='ocrx_word' id='word_1_160' title='bbox 138 1595 439 1649; x_wconf 77' lang='grc' dir='ltr'><strong>παραδίδωσιν.</strong></span> 
     </span>
    </p>

    <p class='ocr_par' dir='ltr' id='par_1_9' title="bbox 137 1662 1594 1857">
     <span class='ocr_line' id='line_1_22' title="bbox 250 1662 1594 1723; baseline 0.003 -19"><span class='ocrx_word' id='word_1_161' title='bbox 250 1690 305 1695; x_wconf 90' lang='grc'><strong>-</strong></span> <span class='ocrx_word' id='word_1_162' title='bbox 363 1680 439 1705; x_wconf 90' lang='lat' dir='ltr'><strong>nr.</strong></span> <span class='ocrx_word' id='word_1_163' title='bbox 472 1664 515 1706; x_wconf 88' lang='grc'><strong>2.</strong></span> <span class='ocrx_word' id='word_1_164' title='bbox 576 1662 645 1706; x_wconf 89' lang='lat' dir='ltr'><strong>De</strong></span> <span class='ocrx_word' id='word_1_165' title='bbox 690 1664 827 1723; x_wconf 77' lang='lat' dir='ltr'><strong>sig-ma</strong></span> <span class='ocrx_word' id='word_1_166' title='bbox 867 1672 965 1707; x_wconf 85' lang='lat' dir='ltr'><strong>ante</strong></span> <span class='ocrx_word' id='word_1_167' title='bbox 1001 1680 1215 1707; x_wconf 82' lang='lat' dir='ltr'><strong>consonas</strong></span> <span class='ocrx_word' id='word_1_168' title='bbox 1255 1664 1302 1705; x_wconf 90' lang='lat' dir='ltr'><strong>in</strong></span> <span class='ocrx_word' id='word_1_169' title='bbox 1341 1664 1482 1708; x_wconf 82' lang='lat' dir='ltr'><strong>titulis</strong></span> <span class='ocrx_word' id='word_1_170' title='bbox 1521 1681 1594 1723; x_wconf 78' lang='lat' dir='ltr'><strong>ge-</strong></span> 
     </span>
     <span class='ocr_line' id='line_1_23' title="bbox 138 1729 1593 1791; baseline 0.003 -20"><span class='ocrx_word' id='word_1_171' title='bbox 138 1729 300 1772; x_wconf 83' lang='lat' dir='ltr'><strong>minato</strong></span> <span class='ocrx_word' id='word_1_172' title='bbox 343 1731 414 1772; x_wconf 82' lang='lat' dir='ltr'><strong>adi</strong></span> <span class='ocrx_word' id='word_1_173' title='bbox 454 1731 611 1772; x_wconf 85' lang='lat' dir='ltr'><strong>Franz.</strong></span> <span class='ocrx_word' id='word_1_174' title='bbox 653 1731 807 1790; x_wconf 75' lang='lat' dir='ltr'><strong>Epigr.</strong></span> <span class='ocrx_word' id='word_1_175' title='bbox 854 1749 897 1791; x_wconf 85' lang='lat' dir='ltr'><strong>p.</strong></span> <span class='ocrx_word' id='word_1_176' title='bbox 931 1732 1018 1788; x_wconf 84' lang='grc'><strong>49,</strong></span> <span class='ocrx_word' id='word_1_177' title='bbox 1075 1732 1190 1775; x_wconf 84' lang='lat' dir='ltr'><strong>Reil.</strong></span> <span class='ocrx_word' id='word_1_178' title='bbox 1226 1732 1355 1791; x_wconf 85' lang='lat' dir='ltr'><strong>Spec.</strong></span> <span class='ocrx_word' id='word_1_179' title='bbox 1390 1733 1593 1776; x_wconf 83' lang='lat' dir='ltr'><strong>Onomat.</strong></span> 
     </span>
     <span class='ocr_line' id='line_1_24' title="bbox 137 1799 760 1857; baseline 0.006 -19"><span class='ocrx_word' id='word_1_180' title='bbox 137 1813 181 1855; x_wconf 92' lang='lat' dir='ltr'><strong>p.</strong></span> <span class='ocrx_word' id='word_1_181' title='bbox 216 1799 297 1841; x_wconf 82' lang='lat'><strong>104</strong></span> <span class='ocrx_word' id='word_1_182' title='bbox 335 1807 376 1841; x_wconf 89' lang='lat' dir='ltr'><strong>et</strong></span> <span class='ocrx_word' id='word_1_183' title='bbox 403 1799 554 1841; x_wconf 85' lang='lat' dir='ltr'><strong>Anall.</strong></span> <span class='ocrx_word' id='word_1_184' title='bbox 586 1817 632 1857; x_wconf 89' lang='lat' dir='ltr'><strong>p.</strong></span> <span class='ocrx_word' id='word_1_185' title='bbox 664 1801 760 1842; x_wconf 86' lang='lat'><strong>151.</strong></span> 
     </span>
    </p>

    <p class='ocr_par' dir='ltr' id='par_1_10' title="bbox 137 1867 1594 2330">
     <span class='ocr_line' id='line_1_25' title="bbox 253 1867 1594 1926; baseline 0.002 -18"><span class='ocrx_word' id='word_1_186' title='bbox 253 1867 381 1925; x_wconf 74' lang='lat' dir='ltr'><strong>Pag.</strong></span> <span class='ocrx_word' id='word_1_187' title='bbox 407 1868 490 1910; x_wconf 84' lang='grc'><strong>102</strong></span> <span class='ocrx_word' id='word_1_188' title='bbox 520 1875 657 1909; x_wconf 84' lang='lat' dir='ltr'><strong>extr.</strong></span> <span class='ocrx_word' id='word_1_189' title='bbox 702 1867 831 1909; x_wconf 90' lang='lat' dir='ltr'><strong>Adde</strong></span> <span class='ocrx_word' id='word_1_190' title='bbox 869 1867 1020 1924; x_wconf 74' lang='grc' dir='ltr'><em>Θάρων</em></span> <span class='ocrx_word' id='word_1_191' title='bbox 1048 1868 1095 1909; x_wconf 90' lang='lat' dir='ltr'><strong>in</strong></span> <span class='ocrx_word' id='word_1_192' title='bbox 1127 1867 1435 1926; x_wconf 84' lang='lat' dir='ltr'><strong>antiquissimo</strong></span> <span class='ocrx_word' id='word_1_193' title='bbox 1466 1867 1594 1911; x_wconf 84' lang='lat' dir='ltr'><strong>titulo</strong></span> 
     </span>
     <span class='ocr_line' id='line_1_26' title="bbox 137 1934 1594 1993; baseline 0 -17"><span class='ocrx_word' id='word_1_194' title='bbox 137 1934 306 1993; x_wconf 75' lang='lat' dir='ltr'><strong>Argivo</strong></span> <span class='ocrx_word' id='word_1_195' title='bbox 339 1934 390 1976; x_wconf 90' lang='lat' dir='ltr'><strong>C.</strong></span> <span class='ocrx_word' id='word_1_196' title='bbox 413 1935 449 1975; x_wconf 93' lang='lat' dir='ltr'><strong>I.</strong></span> <span class='ocrx_word' id='word_1_197' title='bbox 482 1952 548 1976; x_wconf 88' lang='lat' dir='ltr'><strong>nr.</strong></span> <span class='ocrx_word' id='word_1_198' title='bbox 567 1936 594 1976; x_wconf 91' lang='grc'><strong>2</strong></span> <span class='ocrx_word' id='word_1_199' title='bbox 625 1935 758 1993; x_wconf 86' lang='lat' dir='ltr'><strong>(quod</strong></span> <span class='ocrx_word' id='word_1_200' title='bbox 788 1936 1036 1978; x_wconf 81' lang='lat' dir='ltr'><strong>Boeekhius</strong></span> <span class='ocrx_word' id='word_1_201' title='bbox 1067 1952 1155 1978; x_wconf 87' lang='lat' dir='ltr'><strong>non</strong></span> <span class='ocrx_word' id='word_1_202' title='bbox 1186 1943 1302 1978; x_wconf 84' lang='lat' dir='ltr'><strong>reete</strong></span> <span class='ocrx_word' id='word_1_203' title='bbox 1333 1951 1412 1993; x_wconf 88' lang='lat' dir='ltr'><strong>pro</strong></span> <span class='ocrx_word' id='word_1_204' title='bbox 1441 1935 1594 1989; x_wconf 76' lang='grc' dir='ltr'><em>Θήρων</em></span> 
     </span>
     <span class='ocr_line' id='line_1_27' title="bbox 140 2002 1594 2062; baseline 0.001 -17"><span class='ocrx_word' id='word_1_205' title='bbox 140 2018 234 2045; x_wconf 86' lang='lat' dir='ltr'><strong>esse</strong></span> <span class='ocrx_word' id='word_1_206' title='bbox 264 2002 432 2059; x_wconf 85' lang='lat' dir='ltr'><strong>putavit</strong></span> <span class='ocrx_word' id='word_1_207' title='bbox 463 2003 552 2045; x_wconf 83' lang='lat' dir='ltr'><strong>vid.</strong></span> <span class='ocrx_word' id='word_1_208' title='bbox 585 2003 626 2056; x_wconf 67' lang='grc' dir='ltr'><strong>ξ.</strong></span> <span class='ocrx_word' id='word_1_209' title='bbox 661 2004 740 2057; x_wconf 83' lang='grc'><strong>19,</strong></span> <span class='ocrx_word' id='word_1_210' title='bbox 771 2004 812 2046; x_wconf 85' lang='grc'><strong>9.</strong></span> <span class='ocrx_word' id='word_1_211' title='bbox 847 2003 888 2056; x_wconf 91' lang='lat' dir='ltr'><strong>e)</strong></span> <span class='ocrx_word' id='word_1_212' title='bbox 929 2004 959 2044; x_wconf 91' lang='lat' dir='ltr'><strong>i.</strong></span> <span class='ocrx_word' id='word_1_213' title='bbox 993 2019 1031 2046; x_wconf 87' lang='lat' dir='ltr'><strong>e.</strong></span> <span class='ocrx_word' id='word_1_214' title='bbox 1073 2003 1279 2058; x_wconf 73' lang='grc' dir='ltr'><strong>Θάρρων,</strong></span> <span class='ocrx_word' id='word_1_215' title='bbox 1321 2003 1485 2046; x_wconf 88' lang='lat' dir='ltr'><strong>Dorice</strong></span> <span class='ocrx_word' id='word_1_216' title='bbox 1515 2020 1594 2062; x_wconf 89' lang='lat' dir='ltr'><strong>pro</strong></span> 
     </span>
     <span class='ocr_line' id='line_1_28' title="bbox 147 2069 1594 2124; baseline 0.001 -13"><span class='ocrx_word' id='word_1_217' title='bbox 147 2069 352 2124; x_wconf 75' lang='grc' dir='ltr'><strong>Θάρσων,</strong></span> <span class='ocrx_word' id='word_1_218' title='bbox 398 2069 575 2123; x_wconf 75' lang='grc' dir='ltr'><em>Θράσων</em></span> <span class='ocrx_word' id='word_1_219' title='bbox 610 2071 698 2112; x_wconf 86' lang='lat' dir='ltr'><strong>vid.</strong></span> <span class='ocrx_word' id='word_1_220' title='bbox 742 2071 785 2124; x_wconf 65' lang='grc' dir='ltr'><strong>ξ.</strong></span> <span class='ocrx_word' id='word_1_221' title='bbox 820 2072 898 2124; x_wconf 82' lang='grc'><strong>15,</strong></span> <span class='ocrx_word' id='word_1_222' title='bbox 929 2071 970 2113; x_wconf 86' lang='lat'><strong>8.</strong></span> <span class='ocrx_word' id='word_1_223' title='bbox 1041 2071 1224 2113; x_wconf 86' lang='lat' dir='ltr'><strong>Rectius</strong></span> <span class='ocrx_word' id='word_1_224' title='bbox 1253 2071 1501 2113; x_wconf 80' lang='lat' dir='ltr'><strong>Boeekhius</strong></span> <span class='ocrx_word' id='word_1_225' title='bbox 1530 2071 1594 2114; x_wconf 84' lang='lat' dir='ltr'><strong>vi-</strong></span> 
     </span>
     <span class='ocr_line' id='line_1_29' title="bbox 141 2137 1589 2196; baseline -0.001 -16"><span class='ocrx_word' id='word_1_226' title='bbox 141 2137 287 2191; x_wconf 87' lang='lat' dir='ltr'><strong>derat,</strong></span> <span class='ocrx_word' id='word_1_227' title='bbox 336 2137 648 2191; x_wconf 74' lang='grc' dir='ltr'><em>Θαρυπτὸλεμος</em></span> <span class='ocrx_word' id='word_1_228' title='bbox 682 2137 726 2179; x_wconf 90' lang='lat' dir='ltr'><strong>iu</strong></span> <span class='ocrx_word' id='word_1_229' title='bbox 758 2139 937 2196; x_wconf 81' lang='lat' dir='ltr'><strong>antiquo</strong></span> <span class='ocrx_word' id='word_1_230' title='bbox 966 2138 1094 2181; x_wconf 90' lang='lat' dir='ltr'><strong>titulo</strong></span> <span class='ocrx_word' id='word_1_231' title='bbox 1126 2139 1325 2181; x_wconf 85' lang='lat' dir='ltr'><strong>Theraeo</strong></span> <span class='ocrx_word' id='word_1_232' title='bbox 1366 2155 1431 2180; x_wconf 88' lang='lat' dir='ltr'><strong>nr.</strong></span> <span class='ocrx_word' id='word_1_233' title='bbox 1467 2138 1519 2180; x_wconf 88' lang='grc'><strong>16</strong></span> <span class='ocrx_word' id='word_1_234' title='bbox 1558 2137 1589 2179; x_wconf 86' lang='lat' dir='ltr'><strong>i.</strong></span> 
     </span>
     <span class='ocr_line' id='line_1_30' title="bbox 140 2204 1592 2264; baseline 0.001 -18"><span class='ocrx_word' id='word_1_235' title='bbox 140 2221 179 2246; x_wconf 85' lang='lat' dir='ltr'><strong>e.</strong></span> <span class='ocrx_word' id='word_1_236' title='bbox 219 2204 562 2259; x_wconf 76' lang='grc' dir='ltr'><em>Θαρρυπτόλεμος</em></span> <span class='ocrx_word' id='word_1_237' title='bbox 603 2221 699 2247; x_wconf 84' lang='lat' dir='ltr'><strong>esse</strong></span> <span class='ocrx_word' id='word_1_238' title='bbox 744 2223 821 2264; x_wconf 89' lang='lat' dir='ltr'><strong>pro</strong></span> <span class='ocrx_word' id='word_1_239' title='bbox 868 2206 1229 2261; x_wconf 70' lang='grc' dir='ltr'><em>Θρασυπτόλεμος.</em></span> <span class='ocrx_word' id='word_1_240' title='bbox 1319 2207 1372 2247; x_wconf 91' lang='lat' dir='ltr'><strong>In</strong></span> <span class='ocrx_word' id='word_1_241' title='bbox 1414 2221 1592 2248; x_wconf 90' lang='lat' dir='ltr'><strong>nummo</strong></span> 
     </span>
     <span class='ocr_line' id='line_1_31' title="bbox 142 2272 1239 2330; baseline -0.002 -15"><span class='ocrx_word' id='word_1_242' title='bbox 142 2272 332 2315; x_wconf 85' lang='lat' dir='ltr'><strong>Cnossio</strong></span> <span class='ocrx_word' id='word_1_243' title='bbox 362 2272 532 2314; x_wconf 84' lang='lat' dir='ltr'><strong>Mionn.</strong></span> <span class='ocrx_word' id='word_1_244' title='bbox 567 2273 626 2314; x_wconf 96' lang='grc' dir='ltr'><strong>ΙΙ.</strong></span> <span class='ocrx_word' id='word_1_245' title='bbox 668 2289 712 2330; x_wconf 90' lang='lat' dir='ltr'><strong>p.</strong></span> <span class='ocrx_word' id='word_1_246' title='bbox 742 2274 826 2316; x_wconf 86' lang='grc'><strong>269</strong></span> <span class='ocrx_word' id='word_1_247' title='bbox 856 2281 921 2315; x_wconf 87' lang='lat' dir='ltr'><strong>est</strong></span> <span class='ocrx_word' id='word_1_248' title='bbox 958 2275 1239 2327; x_wconf 75' lang='grc' dir='ltr'><em>Θαρσυὸίκας.</em></span> 
     </span>
    </p>

    <p class='ocr_par' dir='ltr' id='par_1_11' title="bbox 139 2339 1592 2465">
     <span class='ocr_line' id='line_1_32' title="bbox 247 2339 1592 2397; baseline 0.001 -16"><span class='ocrx_word' id='word_1_249' title='bbox 247 2341 374 2397; x_wconf 78' lang='lat' dir='ltr'><strong>Pag.</strong></span> <span class='ocrx_word' id='word_1_250' title='bbox 410 2340 492 2383; x_wconf 79' lang='lat'><strong>104</strong></span> <span class='ocrx_word' id='word_1_251' title='bbox 533 2340 565 2381; x_wconf 89' lang='lat' dir='ltr'><strong>l.</strong></span> <span class='ocrx_word' id='word_1_252' title='bbox 597 2341 640 2382; x_wconf 84' lang='lat'><strong>8.</strong></span> <span class='ocrx_word' id='word_1_253' title='bbox 714 2340 814 2383; x_wconf 91' lang='lat' dir='ltr'><strong>Non</strong></span> <span class='ocrx_word' id='word_1_254' title='bbox 855 2348 970 2383; x_wconf 88' lang='lat' dir='ltr'><strong>reete</strong></span> <span class='ocrx_word' id='word_1_255' title='bbox 1012 2339 1378 2383; x_wconf 84' lang='lat' dir='ltr'><strong>Schneidewinus</strong></span> <span class='ocrx_word' id='word_1_256' title='bbox 1418 2356 1592 2384; x_wconf 83' lang='lat' dir='ltr'><strong>versum</strong></span> 
     </span>
     <span class='ocr_line' id='line_1_33' title="bbox 139 2406 900 2465; baseline -0.001 -16"><span class='ocrx_word' id='word_1_257' title='bbox 139 2407 185 2449; x_wconf 85' lang='lat' dir='ltr'><strong>in</strong></span> <span class='ocrx_word' id='word_1_258' title='bbox 215 2408 385 2465; x_wconf 80' lang='lat' dir='ltr'><strong>Papyro</strong></span> <span class='ocrx_word' id='word_1_259' title='bbox 416 2406 658 2448; x_wconf 77' lang='lat' dir='ltr'><strong>Parisiensi</strong></span> <span class='ocrx_word' id='word_1_260' title='bbox 688 2416 900 2450; x_wconf 79' lang='lat' dir='ltr'><strong>servatum</strong></span> 
     </span>
    </p>

    <p class='ocr_par' dir='ltr' id='par_1_12' title="bbox 139 2472 1589 2788">
     <span class='ocr_line' id='line_1_34' title="bbox 341 2472 1296 2530; baseline 0 -15"><span class='ocrx_word' id='word_1_261' title='bbox 341 2473 414 2516; x_wconf 78' lang='grc' dir='ltr'><strong>οὐκ</strong></span> <span class='ocrx_word' id='word_1_262' title='bbox 449 2473 551 2523; x_wconf 73' lang='grc' dir='ltr'><strong>ἀξιῶ</strong></span> <span class='ocrx_word' id='word_1_263' title='bbox 579 2478 712 2527; x_wconf 74' lang='grc' dir='ltr'><strong>μικαῖν</strong></span> <span class='ocrx_word' id='word_1_264' title='bbox 747 2493 815 2530; x_wconf 76' lang='grc' dir='ltr'><strong>σε,</strong></span> <span class='ocrx_word' id='word_1_265' title='bbox 860 2472 1011 2528; x_wconf 65' lang='grc' dir='ltr'><em>μέγάλα</em></span> <span class='ocrx_word' id='word_1_266' title='bbox 1043 2474 1083 2514; x_wconf 76' lang='grc' dir='ltr'><strong>δ’</strong></span> <span class='ocrx_word' id='word_1_267' title='bbox 1117 2475 1188 2517; x_wconf 76' lang='grc' dir='ltr'><strong>οὐκ</strong></span> <span class='ocrx_word' id='word_1_268' title='bbox 1220 2475 1296 2530; x_wconf 74' lang='grc' dir='ltr'><strong>ἔχω</strong></span> 
     </span>
     <span class='ocr_line' id='line_1_35' title="bbox 139 2541 1589 2594; baseline 0.001 -11"><span class='ocrx_word' id='word_1_269' title='bbox 139 2556 289 2584; x_wconf 86' lang='lat' dir='ltr'><strong>vocem</strong></span> <span class='ocrx_word' id='word_1_270' title='bbox 327 2541 447 2594; x_wconf 79' lang='grc' dir='ltr'><em>μικός</em></span> <span class='ocrx_word' id='word_1_271' title='bbox 485 2542 576 2584; x_wconf 82' lang='lat' dir='ltr'><strong>sive</strong></span> <span class='ocrx_word' id='word_1_272' title='bbox 615 2541 762 2594; x_wconf 83' lang='grc' dir='ltr'><strong><em>μικκός</em></strong></span> <span class='ocrx_word' id='word_1_273' title='bbox 808 2559 905 2585; x_wconf 89' lang='lat' dir='ltr'><strong>eum</strong></span> <span class='ocrx_word' id='word_1_274' title='bbox 936 2543 1176 2585; x_wconf 87' lang='lat' dir='ltr'><strong>Letronnio</strong></span> <span class='ocrx_word' id='word_1_275' title='bbox 1207 2543 1412 2585; x_wconf 83' lang='lat' dir='ltr'>Doricam</span> <span class='ocrx_word' id='word_1_276' title='bbox 1443 2543 1589 2585; x_wconf 86' lang='lat' dir='ltr'><strong>existi-</strong></span> 
     </span>
     <span class='ocr_line' id='line_1_36' title="bbox 139 2609 1586 2666; baseline 0.001 -16"><span class='ocrx_word' id='word_1_277' title='bbox 139 2625 260 2651; x_wconf 82' lang='lat' dir='ltr'>mans</span> <span class='ocrx_word' id='word_1_278' title='bbox 292 2609 550 2666; x_wconf 85' lang='lat' dir='ltr'>Epicharmo</span> <span class='ocrx_word' id='word_1_279' title='bbox 581 2609 759 2662; x_wconf 78' lang='lat' dir='ltr'><strong>tribuit,</strong></span> <span class='ocrx_word' id='word_1_280' title='bbox 790 2610 878 2653; x_wconf 87' lang='lat' dir='ltr'><strong>vid.</strong></span> <span class='ocrx_word' id='word_1_281' title='bbox 910 2611 1080 2666; x_wconf 40' lang='lat' dir='ltr'><strong>Fra-qm.</strong></span> <span class='ocrx_word' id='word_1_282' title='bbox 1104 2611 1272 2652; x_wconf 74' lang='lat' dir='ltr'><strong>Griech.</strong></span> <span class='ocrx_word' id='word_1_283' title='bbox 1294 2612 1473 2653; x_wconf 79' lang='lat' dir='ltr'><strong>Dichter</strong></span> <span class='ocrx_word' id='word_1_284' title='bbox 1503 2619 1586 2653; x_wconf 87' lang='lat' dir='ltr'><strong>etc.</strong></span> 
     </span>
     <span class='ocr_line' id='line_1_37' title="bbox 139 2677 1588 2736; baseline 0.001 -18"><span class='ocrx_word' id='word_1_285' title='bbox 139 2691 221 2719; x_wconf 81' lang='lat' dir='ltr'><strong>von</strong></span> <span class='ocrx_word' id='word_1_286' title='bbox 252 2678 539 2720; x_wconf 77' lang='lat' dir='ltr'><strong>Schneidewin</strong></span> <span class='ocrx_word' id='word_1_287' title='bbox 577 2693 619 2735; x_wconf 91' lang='lat' dir='ltr'><strong>p.</strong></span> <span class='ocrx_word' id='word_1_288' title='bbox 653 2677 723 2720; x_wconf 83' lang='grc'><strong>20.</strong></span> <span class='ocrx_word' id='word_1_289' title='bbox 790 2678 1026 2735; x_wconf 74' lang='lat' dir='ltr'><strong>Repugnat</strong></span> <span class='ocrx_word' id='word_1_290' title='bbox 1066 2678 1335 2736; x_wconf 86' lang='lat' dir='ltr'><strong>pronominis</strong></span> <span class='ocrx_word' id='word_1_291' title='bbox 1370 2693 1414 2718; x_wconf 70' lang='grc' dir='ltr'><strong>σε</strong></span> <span class='ocrx_word' id='word_1_292' title='bbox 1452 2679 1588 2720; x_wconf 79' lang='lat' dir='ltr'><strong>forma</strong></span> 
     </span>
     <span class='ocr_line' id='line_1_38' title="bbox 140 2745 432 2788; baseline 0 -2"><span class='ocrx_word' id='word_1_293' title='bbox 140 2760 227 2787; x_wconf 88' lang='lat' dir='ltr'><strong>uon</strong></span> <span class='ocrx_word' id='word_1_294' title='bbox 256 2745 432 2788; x_wconf 79' lang='lat' dir='ltr'><strong>Dorica.</strong></span> 
     </span>
    </p>
   </div>
  </div>
 </body>
</html>
