1779 3079
538 227 613 274 Ad
649 226 864 274 Librum
900 226 1120 274 Primum
1129 263 1138 274 .
1449 227 1548 276 545

103 371 311 422 quantum
351 362 536 405 intersit.
627 363 679 404 In
718 368 900 419 utroque
932 360 1094 405 Catulli
1134 362 1230 404 loco
1269 361 1349 405 flos
1390 361 1548 404 descri-

52 467 54 470 .
102 431 222 473 bitur
258 431 304 473 in
344 431 469 473 horto
502 430 734 488 diligenter
763 429 969 472 educatus
1006 437 1047 471 et
1077 430 1347 484 custoditus,
1401 438 1549 488 postea

52 507 55 510 ’
102 499 224 542 tenui
253 499 395 556 ungui
425 505 626 557 carptus3
687 496 756 538 hic
786 497 1044 553 hyacinthus
1080 498 1125 539 in
1155 498 1376 541 montibus
1405 505 1548 556 pasto-

101 582 197 608 rum
226 566 413 624 pedibus
443 567 736 608 conculcatus.
816 565 991 607 Huicne
1023 573 1068 607 ut
1098 573 1273 624 nuptam
1302 582 1326 608 a
1357 565 1550 624 Sappho-

101 649 157 676 ne
187 635 426 692 comparari
456 634 718 676 credamus?

212 718 298 760 Fr.
331 719 401 761 45.
466 718 581 759 Casu
611 716 837 758 verborum
866 716 971 758 ordo
1001 716 1047 757 in
1080 717 1214 759 altero
1244 732 1370 759 versu
1409 732 1432 758 a
1463 715 1549 758 De-

100 785 244 827 metrii
273 785 400 827 libris
426 785 642 827 discessit.
692 784 895 827 Ceterum
925 785 1215 842 fragmentum
1240 785 1331 839 jam
1362 784 1407 826 in
1435 785 1551 826 hunc

99 851 274 894 modum
303 852 529 894 restituere
560 852 703 895 conati
735 869 882 894 sumus
902 872 912 892 :

213 917 417 985 Flbonepe
448 932 580 973 πάντα
611 934 757 986 ᾳρεῖς,
805 932 885 973 ὅσα
915 932 1104 983 ᾳαίνολις
1134 932 1327 973 ἐσκε’ὁασ’
1361 933 1484 984 αὕως,

215 1002 333 1054 φρεῖς
364 999 425 1041 οἶν
445 1032 457 1050 ,
506 1003 622 1053 ᾳιρεῖς
656 999 777 1054 αἶγα,
824 1003 943 1054 φρεῐς
972 999 1113 1052 μάῑερι
1141 999 1259 1039 παῖδ’
1291 999 1548 1054 [ἇγαπάταν].

100 1079 137 1120 Ε
170 1079 418 1135 conjectura
449 1079 648 1120 dedimus
680 1079 798 1133 φρείς
827 1094 906 1136 pro
937 1078 1090 1131 φέρεις.
1177 1077 1402 1136 Simplicis
1431 1080 1553 1122 verbi

102 1149 263 1200 φρῆναι
292 1147 322 1187 i.
347 1162 384 1188 e.
421 1146 529 1199 ἄγειν
558 1146 838 1203 imperativus
870 1146 972 1199 φρές
1002 1154 1357 1188 commemoratur
1386 1147 1455 1189 Et.
1487 1147 1549 1189 M.

101 1215 208 1269 740,
241 1215 295 1256 12
325 1222 368 1255 et
396 1213 554 1256 Joann.
586 1215 659 1257 Al.
690 1215 769 1263 21,
804 1214 845 1255 5.

197 1286 296 1340 xFr.
330 1298 399 1339 47.
472 1296 760 1340 Scribendum
804 1305 869 1339 est
910 1296 1164 1351 ἆὶὃῑάρθενος
1202 1297 1291 1340 vid.
1334 1314 1463 1357 supra
1502 1299 1553 1340 ad

215 1434 298 1475 Fr.
331 1434 400 1475 51.
462 1433 781 1475 Restituimus:

298 1503 356 1543 ‘O
385 1503 455 1554 μὲν
483 1501 563 1555 γὰρ
594 1500 749 1552 κάλος,
796 1500 926 1543 ὅσσον
956 1501 1069 1551 ἴὸην,
1115 1500 1248 1541 πέλετ’
1281 1500 1352 1550 afr,

301 1569 324 1610 ὁ
355 1570 397 1610 δὲ
426 1569 615 1624 κᾶγαθος·
646 1569 791 1610 αὔτικα
821 1571 890 1609 καῖ
920 1568 1044 1617 κάλος
1072 1568 1200 1609 ἔσται.

217 1653 300 1695 Fr.
335 1654 402 1696 53.
467 1654 780 1712 Scripserimus
812 1656 888 1706 (ef.
924 1657 964 1709 ξ.
998 1654 1078 1709 16,
1110 1654 1186 1705 3)=

156 1724 158 1726 ¹
366 1722 530 1771 Λαύοις
563 1722 722 1770 &nouae
751 1723 914 1776 ἑταίρας

370 1791 410 1831 ἓν
442 1790 654 1841 στήθεσιν.

215 1856 297 1898 Fr.
330 1856 400 1900 57.
463 1857 684 1916 Suspicati
715 1873 863 1899 sumus
895 1856 1089 1912 ἀλλοτὲρα
1118 1871 1197 1914 pro
1228 1857 1365 1913 ἑτέρα.-

376 1924 436 1966 Οὐ
465 1925 541 1980 γὰρ
575 1924 770 1979 ἀλλοτέρα
798 1928 869 1966 νῦν

368 1994 494 2042 παῖς,
545 1989 578 2032 ὦ
607 1992 794 2048 γάμβρε,
840 1991 1008 2034 τοαύτα.

103 2059 173 2100 Dc
203 2058 444 2114 ἆλλότερος,
475 2059 592 2117 quod
623 2060 890 2117 grammatici
920 2076 996 2118 pro
1025 2059 1238 2115 ἀλλότριος
1266 2076 1362 2102 csse
1386 2060 1554 2112 volunt,

104 2126 193 2169 vid.
226 2127 268 2180 ξ.
300 2128 355 2180 8,
386 2127 428 2168 6.
504 2127 685 2169 Rectius
716 2136 856 2170 tamen
886 2129 1071 2169 fortasse
1102 2143 1198 2170 cum
1230 2127 1451 2169 Sanscrito
1482 2142 1555 2168 αη-

95 2197 275 2248 J‘ataras
305 2193 357 2235 ab
389 2197 537 2247 anjas,
572 2195 729 2238 Latino
761 2198 872 2238 alter
902 2196 955 2238 ab
986 2198 1102 2238 alius
1131 2203 1416 2253 comparatur.

218 2261 300 2302 Fr.
348 2259 415 2303 58.
493 2261 710 2304 Malumus
754 2279 870 2305 nunc
915 2266 1146 2318 μελλίχιος,
1208 2262 1323 2320 quod
1368 2260 1555 2316 conjecit

105 2329 399 2371 Hermannus.

218 2397 299 2437 Fr.
334 2396 403 2438 59.
466 2394 516 2437 Si
558 2397 612 2437 fr.
645 2398 705 2450 2,
735 2397 763 2441 8
807 2405 920 2440 recte
965 2399 1061 2438 εἴκει
1103 2395 1280 2438 retineri
1319 2396 1551 2451 jussimus,

106 2463 178 2505 hie
209 2465 299 2512 εἴξω
332 2462 609 2504 scribendum
635 2471 714 2505 est.

220 2530 301 2571 Fr.
333 2530 402 2572 63.
465 2530 664 2573 Fortasse
693 2532 854 2574 rectius
890 2530 1100 2573 scribetur
1119 2550 1130 2572 .·

502 2598 597 2651 ''Aye
626 2615 691 2650 μοι
721 2601 812 2653 χέλυ
843 2601 910 2640 δῖα

507 2665 730 2718 φωνάεσσα
759 2669 906 2720 γένοιο.

109 2734 173 2775 lta
204 2732 487 2785 Eustatlfius,
548 2733 634 2774 nisi
665 2735 781 2791 quod
812 2735 902 2789 χέλυ
935 2734 999 2772 δῖα
1040 2748 1116 2789 pro
1151 2733 1214 2772 δῖα
1244 2730 1334 2785 χὲλυ
1365 2746 1416 2772 ex
1447 2730 1555 2772 Her-

110 2817 290 2857 mogene
321 2800 596 2858 sumpsimus.

166 2886 227 2929 ll.
1244 2885 1296 2927 35
