1779 3079
551 223 593 283 §.
630 223 675 270 2.
748 223 819 268 De
856 219 1076 268 fontibus.
1469 217 1531 267 13

99 360 275 403 Sici'iiae
316 359 642 418 inscriptionum
680 373 788 400 nova
817 357 1068 399 collectione
1115 356 1181 398 ed.
1224 356 1266 398 II
1310 355 1417 399 1784
1462 354 1530 397 Cl.

97 427 253 470 XVIII
284 445 350 469 nr.
382 429 433 481 3,
464 428 585 485 isque
615 425 789 467 mutilus
820 432 862 466 et
890 424 1036 479 exigui
1064 424 1244 465 fructus,

267 496 339 536 Ac
353 510 536 535 renses
551 525 563 547 ,
595 510 703 551 quae
724 500 790 534 est
811 492 1117 550 Syracusarum
1137 491 1321 546 colonia,
1350 507 1373 533 a
1389 490 1534 534 Goctt-

99 561 236 618 lingio
266 579 304 603 a.
337 561 446 603 1834
488 561 696 618 singulari
732 560 843 602 libro
883 557 1009 608 editi,
1068 558 1124 600 cf.
1164 560 1537 602 Raoul-Rochette

97 645 176 672 sur
211 631 409 685 quelques
445 631 721 683 inscriptions
752 628 964 682 Grecques
1001 626 1053 667 de
1091 627 1137 667 la
1173 626 1305 667 Sicile
1342 626 1388 668 in
1416 613 1547 669 Muss

97 697 238 738 Rhen.
271 696 381 738 Nov.
411 695 513 737 Vol.
545 696 611 738 IV
643 713 686 754 p.
719 696 773 738 73
802 711 923 751 seqq.

265 762 594 805 Gelensium
625 764 841 805 decretum
869 762 1122 803 Torremuz.
1157 760 1225 802 Cl.
1245 760 1356 802 VIII
1386 775 1451 801 nr.
1484 762 1539 815 33

97 837 192 871 ante
225 846 262 870 a.
293 831 376 873 208
407 831 641 889 scriptum,
674 847 759 889 quo
790 846 900 872 anno
930 830 1032 871 urbs
1063 845 1086 870 a
1114 828 1288 870 Phintia
1307 827 1541 885 Agrigenti

100 904 277 955 tyranno
310 898 503 939 funditus
535 914 682 940 eversa
712 905 790 940 est.

265 965 774 1023 Agrigentinorum
804 966 1020 1008 decretum
1050 965 1152 1008 ibid.
1186 964 1375 1006 CLVIlI
1406 980 1471 1006 nr.
1497 964 1538 1016 1,

101 1032 276 1074 Gruter.
310 1033 329 1074 I
374 1049 418 1091 p.
450 1034 559 1085 401,
605 1034 720 1076 Rose
750 1034 886 1076 Inscr.
918 1034 1018 1075 Vct.
1065 1050 1109 1091 p.
1140 1033 1247 1087 290,
1292 1031 1437 1090 paullo
1475 1047 1539 1074 rc-

99 1100 292 1154 centius,
324 1117 456 1158 quum
487 1101 643 1158 legatio
673 1102 853 1143 Romam
882 1101 1011 1142 missa
1041 1107 1409 1142 commemoretur.

265 1167 607 1221 Messanius‚
639 1169 854 1226 catalog-us
886 1171 1044 1222 νεωρῶν
1073 1168 1190 1220 (nam
1214 1169 1369 1223 ναωροί
1396 1167 1540 1224 legen-

98 1235 199 1277 dum
228 1235 396 1278 videtur
426 1251 504 1293 pro
533 1239 694 1290 ναυροι)
725 1237 836 1294 apud
864 1237 1118 1277 Torremuz.
1150 1235 1170 1276 l
1201 1250 1267 1275 nr.
1301 1235 1368 1276 19.

265 1302 766 1346 Tauromenitanus
808 1304 950 1346 brevis
994 1303 1191 1345 Tol-rem.
1237 1301 1347 1345 VIII
1391 1317 1458 1342 nr.
1490 1301 1542 1356 93

100 1370 209 1412 alius
248 1370 528 1427 longissimus
571 1378 612 1413 et
648 1372 759 1413 benc
802 1380 1020 1425 servatus,
1065 1371 1188 1425 cujus
1220 1376 1333 1410 aetas
1362 1384 1451 1409 non
1480 1377 1545 1410 cst

99 1438 212 1480 iutra
240 1438 426 1496 primum
456 1439 698 1493 saeculum,
751 1455 774 1480 a
804 1439 988 1480 Franzio
1027 1438 1165 1479 editus
1196 1444 1261 1478 cst
1287 1436 1332 1477 in
1361 1436 1542 1477 Annall.

99 1506 206 1547 Inst.
238 1506 374 1548 Areh.
405 1505 508 1546 Vol.
540 1506 600 1548 X.
632 1507 757 1547 Fasc.
791 1505 811 1546 I
841 1522 885 1546 n.
922 1506 1054 1559 1838,
1095 1505 1207 1545 unde
1238 1504 1374 1561 prima
1403 1504 1547 1545 tabula

100 1572 280 1630 repetita
309 1580 374 1614 est
403 1572 449 1614 in
469 1573 644 1614 Franzii
669 1572 983 1632 Epigraphice,
1014 1589 1142 1631 quam
1171 1572 1304 1614 solam
1331 1571 1546 1629 inspicere

100 1640 225 1681 nobis
256 1640 393 1681 licuit.

267 1706 611 1749 Alaesinoru
623 1724 665 1749 m
702 1707 980 1749 terminorum
1009 1706 1241 1765 descriptio
1271 1704 1385 1764 apud
1419 1705 1544 1748 Grut.

101 1774 121 1815 I
151 1791 195 1831 p.
228 1775 337 1829 210,
365 1775 561 1817 Torrem.
594 1776 682 1817 Vll
714 1791 780 1816 nr.
816 1776 883 1817 11.
944 1775 1116 1816 Titulus
1148 1774 1361 1816 recentior
1390 1780 1470 1827 cst,
1502 1780 1548 1814 ut

99 1841 224 1882 docet
251 1840 336 1882 iota
365 1842 654 1900 subscriptum
685 1858 853 1900 semper
881 1843 1152 1900 neglectum,
1198 1849 1240 1884 et
1266 1841 1380 1883 haud
1412 1857 1548 1899 pauca

109 1908 395 1951 semibarbara
425 1910 644 1952 continere
676 1910 857 1952 videtur.

273 1975 573 2033 Segestani
601 1978 818 2019 breviores
848 1977 961 2034 apud
989 1976 1378 2018 Raoul-Rochettc
1408 1975 1437 2017 l.
1470 1976 1502 2017 l.

214 2043 426 2085 Addimus
456 2044 527 2085 hic
548 2045 693 2086 titulos
724 2045 902 2098 Issae,
937 2044 1304 2101 Syracusanorum
1332 2044 1377 2085 in
1408 2043 1548 2084 insula

101 2110 340 2152 Dalmatica
379 2112 595 2153 coloniae:
652 2128 718 2154 nr.
752 2112 862 2155 1834
905 2113 1190 2168 fragmentum
1228 2112 1365 2155 bonae
1402 2111 1548 2153 aetatis

103 2184 146 2218 ct
173 2193 240 2218 nr.
275 2179 382 2220 1835
411 2194 644 2237 paucorum
672 2179 909 2221 nominum.

215 2244 439 2287 Praeterea
479 2246 723 2299 nescimus,
769 2263 854 2305 quo
896 2247 992 2289 loco
1031 2247 1185 2288 melius
1226 2243 1548 2302 commemorari

103 2311 242 2369 possit
270 2311 460 2354 Marmor
488 2314 910 2368 Farnesianum,
953 2315 999 2356 in
1030 2331 1115 2372 quo
1146 2313 1348 2355 Herculis
1378 2328 1446 2353 res
1476 2328 1546 2368 ge-

105 2385 193 2419 stae
224 2387 500 2434 enarrantur,
529 2391 696 2437 praeter
726 2382 831 2423 alios
861 2399 884 2423 a
912 2382 1081 2424 Marino
1113 2382 1157 2423 in
1188 2379 1548 2437 Inscriptionibus

103 2446 286 2486 Albanis
316 2462 360 2503 p.
388 2448 467 2488 ’1ὖό
498 2449 671 2489 editum.
732 2450 865 2490 Aetas
895 2450 1109 2491 recentior
1139 2456 1232 2501 est,
1263 2448 1307 2488 id
1339 2446 1454 2504 quod
1475 2446 1547 2486 do-

101 2519 200 2554 cent
236 2513 321 2553 iota
360 2513 648 2572 subscriptum
691 2531 815 2573 saepe
860 2518 1065 2558 omissum
1092 2524 1133 2558 et
1161 2516 1358 2571 vulgares
1388 2515 1547 2555 formae

103 2580 396 2634 intermixtam
428 2581 554 2621 lectio
585 2582 857 2638 difficiiiima3
889 2585 1049 2626 Dorica
1080 2584 1285 2625 dialecms
1314 2582 1471 2623 mitior.

213 2648 256 2698 7)
314 2648 620 2689 Itaiioticis
650 2649 789 2691 tituli:

268 2715 452 2756 Tessera
483 2716 704 2773 hospitatis
734 2733 854 2760 aerea
883 2734 1016 2776 prope
1048 2717 1304 2758 Petiiiam
1344 2716 1386 2757 in
1419 2715 1542 2758 Brut-

100 2781 170 2822 tiis
202 2790 365 2839 reperta
398 2782 448 2824 C.
484 2782 517 2824 l.
551 2800 614 2824 nr.
649 2785 699 2838 4,
731 2786 1029 2829 vetustissimis
1061 2785 1196 2827 liis-ris
1226 2784 1445 2842 iuscripta.
