1779 3079
187 206 287 254 422
513 204 553 263 §.
592 203 671 252 49.
743 203 817 249 De
851 201 1096 250 severiore
1132 200 1328 249 Doride.

189 353 268 397 pro
299 337 432 392 πρός,
479 336 615 378 forma
647 335 850 378 Cretibus
880 337 1080 396 propi-la,
1127 344 1194 379 est
1222 336 1267 379 in
1299 336 1482 379 decretis
1514 336 1644 379 Istro-

190 406 392 460 niorum,
422 404 688 456 Vaxiorum,
720 403 1014 447 Rhauciorum
1047 412 1089 446 et
1111 404 1398 448 Cnossiorum
1429 421 1496 446 nr.
1516 404 1643 448 3048.

189 473 315 517 3050.
351 473 478 516 3051.
511 474 645 524 3053,
692 489 827 531 quum
866 473 1059 530 vulgaris
1089 473 1253 516 Dorica
1284 473 1420 515 forma
1450 474 1545 515 ποτέ
1575 488 1645 515 re-

187 542 379 600 periatur
419 541 465 583 in
504 541 645 583 titulis
676 541 991 584 Allariotarum
1030 558 1097 584 nr.
1130 542 1257 593 2557,
1302 541 1645 584 Eleuthernaeo-

186 626 282 652 rum
312 626 379 652 nr.
417 610 528 653 3047
558 617 600 652 et
630 610 780 653 eodem
810 610 1104 653 Rhauciorum
1145 627 1212 652 nr.
1246 610 1373 653 3051.
1450 609 1568 651 Πεὸά
1597 609 1645 651 in

184 679 424 722 Vaxiorum
455 678 626 721 decreto
656 693 751 721 esse
782 679 984 733 videtur,
1017 687 1064 721 ut
1096 686 1163 722 est
1192 678 1307 736 apud
1337 677 1644 736 Epimenidem

185 755 227 790 et
268 747 314 789 in
354 747 547 805 antiquis
577 747 720 789 titulis
750 747 949 804 Arg-iviS.
996 773 1050 779 —
1111 747 1324 788 Omnibus
1357 746 1644 788 Cretensibus

184 822 332 858 contra
361 816 670 873 plerorumque
700 814 983 856 Doriensium
1014 831 1141 856 usum
1172 814 1322 856 tertiae
1352 814 1536 871 pluralis
1567 814 1645 855 im-

182 883 472 941 perativorum
503 882 749 924 terminatio
783 900 838 923 ων
877 898 976 923 cum
1004 882 1217 924 Theraeis
1255 889 1296 923 ct
1326 882 1644 940 antiquioribus

182 950 373 1009 Delphis
412 949 655 991 communis
694 949 835 992 fuisse
875 950 1048 993 videtur
1087 958 1135 993 ut
1165 949 1373 1004 ἑρπόντων
1402 957 1445 992 et
1466 949 1645 1000 ποιησά-

185 1024 299 1060 σθων
328 1017 417 1059 vid.
450 1017 491 1071 ξ.
526 1016 605 1073 36,
639 1019 681 1061 4.

293 1084 460 1137 Vides,
491 1093 652 1145 quanta
684 1085 881 1129 Creticae
901 1085 1084 1129 Doridis
1117 1087 1251 1129 fuerit
1278 1087 1477 1138 varietas,
1509 1101 1644 1144 quan-

180 1161 308 1211 taque
339 1153 386 1195 in
414 1154 642 1196 nonnullis
672 1156 927 1213 praesertim
958 1155 1135 1214 populis
1177 1155 1327 1208 (Vaxii
1361 1163 1402 1198 ct
1430 1154 1550 1196 Latii
1579 1154 1644 1196 in·

177 1221 332 1278 primis
362 1221 543 1264 notandi
572 1227 698 1273 sunt>
730 1224 801 1267 vel
832 1224 1003 1283 antiqui
1038 1223 1149 1267 situs
1179 1225 1387 1267 tenacitas
1417 1223 1488 1265 vel
1516 1238 1645 1266 nova-

177 1289 312 1332 tionis
333 1289 441 1333 mira
460 1291 718 1350 proprietas.
783 1291 971 1351 Singula
1003 1292 1200 1351 exempla
1231 1299 1451 1351 praeterea
1481 1290 1646 1349 passim

177 1358 418 1400 attulimus.
1149 1358 1152 1360 ⁵

293 1427 338 1478 5)
400 1426 815 1485 Cyrenaeorum
856 1428 1066 1471 dialectus
1109 1428 1155 1470 in
1195 1428 1334 1470 titulis
1374 1427 1476 1469 inde
1516 1443 1539 1469 a
1580 1441 1645 1469 se·

177 1493 324 1537 cundo
353 1511 392 1536 a.
420 1494 525 1538 Chr.
557 1498 732 1540 saeculo
761 1497 938 1555 scriptis
969 1498 1105 1539 multo
1135 1497 1427 1555 antiquiorem
1457 1496 1646 1539 colorem

179 1562 309 1605 habet
340 1579 468 1621 quam
500 1565 640 1607 omnis
670 1566 841 1625 reliqua
867 1565 1033 1616 Doris,
1080 1566 1224 1624 qualis
1253 1581 1330 1624 per
1361 1564 1540 1607 eandem
1576 1579 1644 1606 ae-

182 1637 310 1672 tatem
341 1632 651 1689 cognoscitur3
683 1635 870 1677 maxime
900 1634 974 1676 ille
1005 1642 1180 1691 apparet
1212 1634 1255 1675 in
1284 1633 1429 1691 prisco
1461 1651 1487 1674 α
1508 1647 1588 1691 pro
1609 1647 1642 1682 ε,

178 1699 298 1756 quod
327 1699 374 1740 in
398 1699 581 1742 vocibus
612 1701 664 1742 ab
695 1701 809 1756 ἱερός
839 1702 1046 1745 derivatis
1076 1702 1194 1744 tituli
1227 1710 1326 1744 ante
1356 1708 1547 1744 nostram
1576 1714 1643 1740 ae-

177 1782 266 1807 ram
299 1767 452 1826 scripti
481 1776 680 1812 accurate
713 1779 911 1825 servant,
953 1771 1221 1812 recentiores
1252 1770 1366 1812 haud
1397 1784 1494 1810 raro
1524 1768 1644 1810 exhi-

175 1833 279 1876 bent
310 1835 401 1877 vid.
433 1835 474 1889 ξ.
503 1836 570 1878 16.
648 1838 757 1880 Item
794 1857 825 1880 ω
856 1839 902 1880 in
935 1840 1150 1881 secundae
1183 1837 1490 1880 declinationis
1522 1835 1643 1895 geni-

177 1901 292 1956 tivo,
339 1904 573 1947 severioris
616 1907 800 1949 Doridis
842 1907 1135 1948 certissimum
1183 1905 1418 1954 indicium,
1473 1903 1641 1960 vulgari

176 1969 470 2013 terminationi
514 1990 561 2013 ov
592 1990 681 2015 non
711 1975 827 2016 cedit
856 1974 942 2016 nisi
976 1975 1018 2014 in
1050 1974 1189 2015 titulis
1220 1972 1401 2013 Tiberio
1432 1971 1641 2014 recentio-

175 2036 298 2078 ribus
332 2044 373 2079 ct
403 2055 458 2080 ue
489 2040 534 2081 in
566 2041 635 2082 his
666 2043 841 2099 quidem
873 2058 970 2083 cum
1002 2041 1146 2098 aliqua
1176 2040 1435 2082 constantia.
1506 2040 1549 2081 A
1577 2055 1642 2081 re·

173 2104 296 2161 liqua
328 2106 545 2149 severiore
575 2108 767 2159 Doride,
816 2117 1025 2167 quantum
1068 2110 1113 2150 in
1146 2108 1329 2151 sontium
1360 2108 1543 2166 penuria
1575 2107 1641 2148 in·

174 2172 318 2230 telligi
359 2182 532 2231 potest,
596 2175 919 2233 Cyrenaeorum
960 2178 1112 2235 lingua
1155 2177 1322 2218 duabus
1366 2175 1640 2233 potissimum

174 2240 307 2282 rebus
346 2243 657 2301 distinguitur:
708 2244 896 2302 primum
934 2254 1220 2287 extremarum
1253 2245 1517 2301 syllabarum
1547 2258 1639 2285 cor·

172 2307 469 2365 ripiendarum
513 2312 680 2370 insigni
725 2329 870 2356 umore
914 2314 987 2356 vix
1028 2314 1134 2356 ullis
1177 2312 1461 2354 Doriensiunx
1503 2325 1638 2367 aeque

175 2375 404 2429 familiari,
451 2386 498 2420 ut
527 2379 596 2428 τὸς
629 2380 757 2436 θεός,
797 2382 913 2435 ἱαρὲς
942 2398 1020 2440 pro
1052 2383 1176 2433 ἱερεῖς
1206 2381 1276 2422 vel
1306 2382 1451 2433 ἱερῆς,
1498 2376 1639 2426 munds«

173 2459 251 2500 pro
288 2450 483 2497 Φυκοῦς,
517 2464 604 2506 quo
635 2449 762 2491 etiam
796 2449 1054 2491 Callimachi
1087 2448 1299 2507 Cyrenaei
1330 2445 1638 2487 insolentiores

173 2513 470 2569 correptiones
501 2518 767 2559 revocamine
798 2533 894 2560 esse
924 2517 1128 2560 videntur
1158 2517 1246 2558 vid.
1281 2514 1320 2574 ἓ.
1353 2516 1437 2569 213
1478 2513 1634 2555 deinde

172 2581 388 2623 vocalium
429 2599 471 2625 εο
517 2585 755 2627 contractio
798 2587 843 2627 in
891 2603 933 2626 ευ
975 2594 1020 2627 ut
1065 2585 1288 2638 linquimus·
1330 2591 1372 2624 et
1418 2581 1633 2634 Θεότιμος,

170 2663 281 2754 qluae
312 2666 333 2690 a
364 2652 534 2710 reliqua
567 2654 784 2697 severiore
815 2654 1005 2703 Doride,
1048 2654 1280 2712 praecipue
1320 2652 1365 2693 in
1409 2648 1630 2709 genitivis,

173 2728 194 2752 a
217 2728 310 2754 lena
345 2727 422 2761 est.

1747 343 1760 384 <⁴
