1779 3079
533 190 610 238 Ad
643 189 856 238 Librum
893 187 1184 237 Secundum.
1482 186 1580 236 573

186 324 196 330 ”
241 325 384 367 Ihid.
420 325 483 378 b).
545 326 653 368 Item
692 326 738 368 in
769 325 860 367 Coo
898 342 965 367 nr.
1000 324 1081 368 175
1111 323 1167 365 R.
1200 329 1301 364 sunt
1331 321 1577 372 ἀναθέντων,

132 391 461 446 ἆγγραψάντων,
507 394 741 435 τεισάντων.

242 461 367 517 Pag.
401 462 483 504 310
524 462 555 503 l.
590 462 656 504 16.
719 459 922 501 Dubitari
960 467 1101 501 tamen
1140 466 1312 517 potest,
1373 475 1426 501 an
1464 456 1581 500 tituli

128 525 250 569 illius
281 528 491 570 dialectus
522 529 734 570 Arcadica
764 528 895 569 fuerit
924 527 1012 569 vid.
1047 543 1176 584 supra
1206 543 1249 584 p.
1283 527 1380 570 536.

242 614 309 655 Pa
324 632 366 673 g.
401 617 483 658 312
519 616 549 657 l.
582 616 624 657 6.
689 614 900 671 Compara
944 615 1103 655 formas
1144 615 1335 672 plurales
1368 613 1581 667 φλεγδθοί-

128 698 227 732 ατο,
273 684 469 737 παρειάτο
502 689 583 723 etc.
622 682 735 739 apud
778 686 927 739 poetas
958 682 1279 724 Alexandrinos
1318 698 1395 739 pro
1431 682 1579 739 singu-

126 749 289 791 laribus
317 750 481 807 positas
512 750 601 793 vid.
634 750 826 792 Mcinek.
859 749 1009 790 Anall.
1043 749 1202 790 Alexx.
1236 766 1279 806 p.
1301 750 1396 792 158.

234 834 359 891 Pag.
393 834 474 876 315
516 835 546 877 l.
580 835 650 877 24.
711 835 875 877 Eadem
906 834 1148 876 terminatio
1178 835 1420 875 rectissime
1450 834 1579 876 tradi-

123 902 267 943 turin
300 902 702 954 ἇνοικοὸομηθήμειν
741 903 786 943 in
826 903 954 944 titulo
987 902 1116 944 Telio
1157 919 1223 944 nr.
1259 902 1339 944 ’169
1370 902 1459 956 R.,
1504 903 1578 943 uhi

123 969 310 1012 Rossius
341 972 451 1013 male
478 971 564 1013 iota
592 971 736 1027 ejecit.

234 1039 360 1096 Pag.
394 1039 476 1081 316
512 1039 544 1080 l.
576 1040 646 1082 28.
708 1038 836 1080 Adde
867 1037 1074 1088 ἀνέθηκαν
1104 1053 1127 1080 e
1157 1037 1286 1080 titulo
1316 1036 1474 1095 Astyp.
1507 1053 1575 1078 ur.

125 1106 207 1148 154
235 1105 291 1147 R.
327 1107 491 1148 saeculi
522 1107 681 1165 quinti.

235 1175 304 1216 Pa
319 1192 360 1230 g.
395 1176 477 1218 319
506 1176 538 1217 l.
562 1175 603 1216 5.
664 1174 791 1217 Adde
820 1173 995 1229 πάρεστι
1024 1174 1172 1232 Nisyr.
1207 1173 1288 1216 166
1317 1173 1374 1215 R.

232 1259 361 1318 Pag.
384 1261 462 1302 321
494 1261 525 1302 l.
549 1262 575 1303 9
606 1268 740 1302 extr.
783 1262 895 1319 Leg.
924 1263 1153 1313 „Dorico“
1177 1276 1255 1318 pro
1276 1260 1578 1310 ‚,Lacom·co.“

120 1327 229 1368 Item
260 1326 330 1369 ἔσο
373 1336 438 1370 cst
474 1328 520 1369 iu
552 1328 755 1371 Cleohuli
785 1328 938 1371 Lindii
970 1329 1083 1371 dicto
1113 1328 1226 1386 apud
1258 1326 1434 1368 Suidam
1466 1343 1502 1368 s.
1533 1341 1574 1368 v.

120 1395 395 1448 Κλεόβουλος.
477 1395 615 1454 Saepe
645 1397 806 1453 legitur
836 1396 906 1439 ἔσο
938 1398 1007 1439 vel
1038 1396 1136 1438 ἔσσο
1169 1396 1282 1454 apud
1313 1394 1576 1437 recentiores

121 1462 355 1520 scriptores
398 1464 519 1521 epica
559 1472 630 1506 aut
669 1466 841 1522 vulgari
879 1465 1030 1521 lingua
1069 1480 1200 1517 usos,
1259 1471 1306 1504 ut
1335 1463 1577 1505 Leonidam

119 1531 403 1573 Tarentinum
434 1533 571 1573 Anth.
605 1533 701 1574 Pal.
735 1534 832 1588 IX,
865 1534 947 1575 318
967 1566 980 1583 ‚
1041 1532 1323 1588 Crinagoram
1364 1530 1471 1572 ibid.
1512 1530 1574 1584 X,

118 1600 175 1642 24
215 1607 296 1641 etc.
397 1599 546 1642 Nonui
590 1608 632 1642 et
673 1601 858 1643 aliorum
903 1601 1099 1658 exempla
1143 1598 1320 1655 collegit
1362 1598 1575 1640 Lehrsius

120 1669 316 1722 Quaestt.
352 1668 506 1726 Epicc.
539 1685 583 1727 p.
618 1669 714 1711 331.
779 1669 943 1712 Confer
972 1669 1165 1726 Hesych.
1198 1667 1388 1721 πάρεσο,
1436 1683 1576 1720 παρα-

116 1752 248 1789 γενου.

230 1804 356 1863 Pag.
392 1805 490 1847 323.
550 1805 679 1848 Adde
712 1804 816 1847 ἐόντι
845 1804 1007 1863 Delph.
1042 1803 1094 1846 11
1128 1802 1281 1856 Curt.‚
1325 1802 1379 1842 ὤν
1408 1802 1569 1860 Delph.

120 1871 156 1913 I.
190 1872 244 1913 L.
269 1905 282 1926 7
330 1870 436 1914 οὖσα
467 1873 602 1914 Ther.
639 1874 718 1916 198
750 1873 806 1914 R.

229 1941 354 1999 Pag.
387 1941 470 1983 328
498 1942 530 1983 l.
563 1942 604 1983 8.
665 1940 776 1983 Delc
809 1939 986 1995 „goras
1018 1938 1096 1979 ὦδε
1128 1938 1250 1994 ‘'18“3,
1298 1939 1424 1981 aliam
1457 1935 1572 1979 enim

116 2007 377 2065 Epicharmo
402 2009 611 2050 medelam
643 2009 928 2051 adhibendam
954 2024 1050 2050 esse
1079 2014 1229 2065 postca
1259 2006 1571 2048 intelleximus,

116 2075 213 2118 Jam
257 2092 360 2117 vero
403 2077 546 2118 onmia
592 2077 742 2120 tertiae
787 2092 999 2135 personae
1047 2076 1243 2134 exempla
1287 2074 1572 2131 Epicharmea

118 2143 431 2200 Syracusanam
459 2145 807 2187 terminationem
839 2161 874 2186 ει
903 2144 1133 2186 admittunt
1164 2143 1258 2184 solo
1291 2141 1396 2183 οἶδεν
1433 2142 1488 2182 fr.
1515 2140 1570 2183 96

116 2219 295 2268 excepto
315 2242 328 2265 9
374 2213 500 2267 cujus
530 2213 652 2255 verbi
682 2214 790 2256 ratio
822 2212 1057 2268 singularis
1088 2227 1184 2252 esse
1215 2210 1340 2251 solet.

229 2291 354 2347 Pag.
388 2291 470 2333 330
501 2299 636 2333 extr.
700 2292 907 2350 Coi-repta
947 2288 1250 2332 terminatione
1292 2286 1465 2328 δεδώκει]
1504 2295 1570 2329 est

115 2358 162 2399 in
190 2358 317 2399 titulo
346 2357 525 2415 Nisyrio
556 2375 621 2399 nr.
657 2359 737 2402 166
767 2360 823 2401 R.
843 2391 856 2414 7
889 2376 912 2400 a
942 2357 1103 2398 Rossio
1133 2357 1244 2398 male
1275 2356 1319 2397 in
1352 2355 1569 2396 δεδωκέναι

114 2433 338 2467 mutatum.

227 2493 297 2535 Pa
312 2509 353 2550 g.
388 2492 471 2534 334
507 2500 616 2534 not.
648 2493 690 2534 4.
770 2495 820 2536 ln
852 2492 1050 2534 Anecdd.
1083 2492 1206 2533 Parr.
1239 2491 1337 2544 Ill,
1367 2490 1480 2540 296,
1511 2490 1567 2534 26

114 2561 256 2620 ipsum
287 2561 577 2617 fragmentum
608 2560 890 2603 Pindaricum
921 2576 944 2602 e
973 2560 1202 2602 Prosodiis
1232 2558 1441 2601 traditur:
1497 2574 1565 2610 με-

114 2627 285 2682 μναιάτ’
320 2627 477 2677 ἀοιδῆς.

223 2697 352 2753 Pag.
373 2696 456 2738 337
485 2695 516 2737 l.
537 2694 606 2738 22.
668 2695 737 2737 De
769 2695 949 2749 ἀνάγνων
979 2694 1092 2752 apud
1121 2694 1284 2736 Lasum
1313 2693 1400 2735 vid.
1436 2708 1565 2750 supra

112 2763 167 2806 ad
200 2781 244 2822 p.
274 2764 371 2807 284.
