1779 3079
209 153 240 202 8
658 149 702 209 §.
739 149 786 196 2.
855 149 929 196 De
964 144 1189 195 fontibus.

212 289 470 349 suspicetur.
542 286 643 330 Non
672 287 815 329 minus
844 285 1047 328 Doricam
1079 284 1306 326 dialectum
1325 314 1338 338 ,
1383 289 1497 326 certe
1526 283 1660 326 Laco-

210 360 378 411 nicam,
425 362 653 414 postquam
693 353 824 396 scribi
868 353 1003 395 desita
1032 359 1146 401 erat,
1193 351 1307 409 apud
1335 350 1506 409 plebem
1533 350 1660 392 rusti-

211 443 302 470 cam
344 424 563 477 haesisse,
622 437 730 480 quae
767 421 819 462 ad
859 426 1005 462 nostra
1045 434 1182 477 usque
1221 425 1413 476 tempora
1441 418 1534 475 ejus
1564 417 1663 460 reli-

213 494 336 553 quias
369 491 574 551 quasdam
603 488 814 542 servavit,
852 487 964 529 infra
995 486 1395 529 demonstrabimus.

873 648 913 709 ς.
954 653 996 694 2.

770 744 849 774 Be
875 743 1111 775 tontibus.

327 832 370 883 1)
430 827 741 886 Inscriptiones
772 833 815 867 et
844 826 999 868 multae
1030 833 1072 868 et
1100 826 1237 866 honae
1269 825 1405 884 frugis
1424 825 1575 884 plenae
1599 825 1670 866 ad-

217 907 320 942 sunt
357 896 581 957 quaerenti
620 895 671 936 de
702 894 862 936 Dorica
901 894 1082 936 dialecto
1123 892 1338 950 variisque
1376 893 1470 948 ejus
1501 892 1670 950 generi-

215 968 326 1021 bus,
372 979 616 1023 quanquam
655 962 875 1014 dolemus,
924 961 1039 1018 quod
1080 976 1240 1018 paucae
1279 960 1451 1000 tertium
1491 975 1528 1000 a.
1563 960 1669 1001 Chr.

220 1033 439 1076 sacculum
488 1037 718 1087 superant,
766 1028 1048 1087 paucissimae
1095 1034 1317 1085 quartum,
1365 1026 1519 1068 deinde
1558 1026 1674 1084 quod

223 1099 529 1141 nonnullarum
567 1097 766 1150 urbium,
819 1112 997 1153 quarum
1041 1095 1246 1136 dialectos
1287 1095 1476 1152 penitius
1516 1109 1676 1151 eogno-

222 1183 342 1209 scere
373 1166 499 1208 enixe
531 1164 728 1223 eupimus
745 1195 757 1217 ,
788 1163 897 1205 nulli
917 1164 1006 1204 fere
1028 1163 1140 1204 tituli
1161 1171 1418 1220 supersunt,
1448 1161 1562 1203 unde
1585 1177 1676 1203 cer-

220 1236 329 1276 tiora
365 1235 596 1276 discamus.
672 1232 760 1284 Qui
804 1232 1097 1273 Romanorum
1142 1230 1443 1287 imperatorum
1482 1235 1676 1286 tempore

223 1301 373 1359 scripti
413 1308 540 1355 sunt,
588 1315 684 1341 raro
715 1299 949 1357 quidquam
979 1298 1084 1340 utile
1113 1298 1350 1355 praebent3
1395 1295 1584 1337 metricis
1614 1295 1678 1336 in-

224 1368 533 1428 scriptionibus
565 1374 687 1409 caute
713 1367 920 1408 utendum
951 1372 1041 1419 est,
1087 1365 1187 1423 quia
1216 1364 1389 1405 mixtam
1420 1379 1471 1404 ex
1503 1362 1680 1404 arbitrio

225 1432 453 1478 dialectum
481 1435 639 1477 habere
672 1434 826 1476 solent.
861 1458 914 1465 —-
973 1433 1070 1475 Jam
1100 1448 1173 1474 eos
1203 1432 1375 1484 titulos,
1408 1431 1565 1489 quibus
1595 1445 1680 1471 ma-

225 1505 339 1546 xime
370 1503 439 1544 usi
469 1517 647 1556 sumus,
710 1502 902 1544 locorum
943 1508 1268 1559 temporumque
1314 1499 1476 1541 ratione
1519 1497 1678 1547 habita,

227 1571 598 1631 pel-lustrabimus.

340 1641 385 1689 2)
442 1637 582 1679 Tituli
612 1635 885 1678 Laconici
913 1642 954 1675 et
983 1634 1319 1677 Messenici:

397 1705 579 1748 Leake
623 1720 698 1744 nr.
731 1704 790 1745 71
838 1703 1044 1745 Sellasiae
1086 1704 1285 1761 antiquae
1333 1704 1428 1744 loeo
1468 1708 1681 1760 repertus,

234 1775 432 1832 antiquae
463 1773 698 1829 scripturae
747 1772 809 1819 (h.
842 1787 879 1812 e.
914 1787 957 1824 a,
992 1788 1012 1812 ο
1044 1787 1121 1828 pro
1152 1790 1201 1821 η,
1235 1788 1266 1811 ω
1297 1772 1424 1822 ete.),
1472 1770 1528 1810 ita
1560 1769 1683 1809 muti-

233 1843 343 1883 latus
382 1848 429 1882 ut
467 1839 759 1881 tantummodo
801 1838 972 1895 singula
1016 1838 1221 1895 quaedam
1251 1838 1377 1880 verba
1408 1836 1565 1878 certius
1597 1835 1684 1892 legi

235 1910 419 1967 possint,

406 1975 566 2031 Corp.
601 1974 775 2014 Inscr.
816 1989 895 2014 nr.
932 1972 992 2014 13
1034 1971 1244 2013 Geraniae
1284 1971 1329 2013 in
1359 1971 1576 2014 Messenia
1615 1978 1687 2013 aut

240 2041 455 2086 Laconica
486 2058 509 2082 a
539 2041 799 2082 Fourmonto
831 2046 1049 2097 repertus,
1082 2040 1277 2097 antiquae
1301 2039 1554 2098 scripturae,
1584 2055 1685 2098 pau-

241 2127 289 2154 ca
318 2109 444 2151 verba
476 2108 715 2150 continens.

405 2176 544 2218 Ibid.
578 2192 653 2216 nr.
690 2176 749 2217 15
782 2173 1016 2230 Spartanus
1048 2189 1070 2215 e
1102 2174 1270 2215 schedis
1301 2174 1550 2216 Fourmonti
1571 2205 1584 2228 ,
1615 2190 1686 2215 an-

241 2246 384 2304 tiquae
413 2243 672 2298 seripturac3
703 2257 837 2299 pauca
867 2241 992 2281 verba
1025 2242 1108 2296 leg-i
1140 2249 1334 2298 possunt.
1740 2294 1746 2301 Δ

410 2310 551 2352 lbid.
593 2326 667 2350 nr.
706 2309 836 2350 1511
869 2307 1038 2363 Tegeae
1068 2309 1233 2366 positus
1264 2310 1337 2349 sed
1369 2324 1591 2350 recensum
1622 2325 1686 2349 re·
1743 2319 1745 2323 ⁴

245 2396 338 2421 rum
377 2377 724 2420 Lacedaemoniis
772 2376 813 2416 in
858 2375 960 2415 belli
999 2392 1122 2416 usum
1165 2376 1414 2418 donatorum
1445 2377 1687 2429 continens,

247 2449 305 2490 ita
338 2454 383 2488 ut
412 2445 637 2486 dialectum
668 2442 920 2484 Lac0n3‹:am
955 2442 1149 2496 judicare
1190 2452 1395 2501 oporteat.
1467 2443 1690 2500 Scriptura

250 2522 315 2557 est
351 2513 555 2570 antiqua,
613 2517 725 2552 aetas
771 2509 880 2550 tituli
910 2509 1097 2551 Miillero
1138 2519 1179 2552 et
1219 2511 1435 2553 Boeclihio
1469 2510 1689 2565 judicibus

251 2583 430 2624 sortasse
470 2578 741 2636 Lysandrea3
800 2577 873 2617 sed
922 2585 1057 2633 potest
1100 2579 1224 2619 etiam
1267 2578 1482 2636 antiquior
1525 2577 1687 2618 haberi.

254 2649 453 2689 Ceterum
486 2646 605 2688 valde
649 2645 761 2686 lacer
799 2652 863 2684 est
906 2652 944 2684 ct
976 2661 1124 2701 parum
1155 2652 1348 2688 accurate
1379 2661 1401 2686 a
1431 2645 1689 2687 Fourmouto

254 2714 505 2771 descriptus.
