1779 3079
235 225 336 273 280
729 223 803 270 De
838 220 1184 270 numeralibus.

239 357 382 400 matici
403 360 468 412 3),
516 359 710 407 ernau,
753 355 872 414 quod
901 375 922 397 ν
953 358 1088 410 ἑᾳελκ.
1121 355 1210 412 pati
1240 353 1422 396 traditur
1442 351 1505 409 ⁴),
1535 352 1695 410 legitur

236 426 282 467 in
315 425 491 483 Corcyr.
525 425 660 479 1840,
695 424 868 467 Callim.
902 424 947 465 in
979 423 1077 466 Cer.
1110 422 1165 466 70
1194 429 1236 464 et
1265 421 1379 479 apud
1409 421 1693 463 Theocritum

236 493 319 546 IV,
355 493 421 536 10.
454 492 514 546 V,
545 493 616 535 86.
651 492 755 546 XV,
788 493 883 535 139.
918 492 1046 546 XVI,
1070 492 1139 533 51.
1202 489 1331 543 Quod
1360 488 1532 547 pejores
1549 489 1693 531 Theo·

235 560 335 602 criti
366 560 537 602 codices
569 560 798 613 exhibent,
850 560 998 611 εἴκοτι,
1043 558 1271 599 barbarum
1315 564 1402 611 est,
1449 571 1695 615 quanquam

235 628 280 669 in
321 628 442 670 Ann.
488 628 599 670 Oxx.
644 627 723 677 IV,
756 628 864 681 215,
896 627 923 669 6
962 625 1173 668 Doricum
1213 624 1386 666 dieitur.
1461 624 1512 665 In
1552 622 1694 666 titulis

234 696 487 738 Alexandro
531 694 817 736 inferioribus
866 694 1060 752 vulgaris
1106 694 1243 735 forma
1289 694 1420 734 εἴκοσι
1461 691 1692 749 reperitur,

204 785 207 788 ·
237 770 283 805 ut
311 763 358 804 in
389 762 756 805 Tauromenitano
786 762 1106 804 Torremuzzae
1152 769 1234 803 etc.
1255 791 1267 812 ,
1313 761 1415 802 item
1453 759 1568 818 apud
1610 759 1694 800 Ar·

236 831 490 873 chimedem.

348 897 646 952 τριάκοντα
677 896 789 939 nihil
819 895 1040 953 peculiare
1069 894 1213 936 habet.

345 964 682 1019 τετρώκοντα
701 994 713 1017 ,
763 963 954 1020 genuina
983 962 1145 1005 Dorica
1182 962 1320 1004 forma
1359 968 1525 1003 servata
1554 968 1620 1003 est
1648 961 1696 1002 in

236 1033 409 1074 Heracl.
453 1039 495 1074 et
536 1031 700 1089 Delph.
750 1031 888 1084 1690,
948 1038 990 1072 et
1035 1030 1080 1071 in
1126 1030 1406 1087 epigrammte
1451 1028 1695 1085 Corcyraeo

235 1100 394 1141 mixtae
425 1099 602 1142 dialecti
640 1116 706 1141 nr.
741 1100 866 1142 1907.
942 1098 1077 1156 Apud
1108 1096 1445 1149 Archimedem,
1489 1095 1605 1138 unde
1633 1095 1695 1137 af-

235 1168 397 1220 fertur,
443 1183 531 1208 non
571 1166 844 1221 invenimus3
906 1166 983 1208 sed
1021 1181 1172 1207 versus
1212 1181 1234 1206 e
1276 1164 1515 1206 Dinolochi
1554 1163 1696 1206 Siculi

235 1234 387 1277 Medea
418 1250 441 1276 a
470 1235 655 1277 Polluce
684 1234 766 1288 IV,
800 1235 881 1276 174
911 1234 1066 1276 allatus
1097 1232 1311 1291 legendus
1342 1231 1537 1273 videtur:

436 1323 491 1329 ·-
523 1316 550 1338 υ
592 1300 1007 1356 τεῖρώκονταλίτρους
1037 1303 1113 1341 τινὶ
1142 1302 1341 1353 νεανίσκῳ
1370 1301 1497 1348 πέδας

236 1373 333 1428 (pro
363 1369 663 1422 τετταράκοντα
694 1371 763 1412 vel
793 1369 1074 1422 τετράκοντα).
1147 1368 1281 1411 Nulla
1312 1368 1522 1410 dialectus
1551 1367 1697 1423 τετρά-

238 1455 362 1479 κοιιτα
416 1437 722 1495 pronuntiasse
770 1437 942 1480 videtur
961 1468 973 1491 ,
1032 1437 1089 1479 cf.
1137 1435 1250 1478 infra
1294 1435 1347 1478 ad
1398 1436 1693 1490 τετρωκοστός.
1736 1440 1739 1441 ’

237 1505 445 1561 Vulgaris
475 1506 613 1547 forma
642 1505 952 1559 τεσσαράκοντα
981 1504 1195 1564 reperitur
1234 1504 1368 1546 semel
1397 1506 1443 1545 in
1473 1504 1606 1546 altera
1635 1511 1695 1546 ta·

237 1572 437 1615 hularum
467 1573 824 1616 Heracleensium
855 1573 927 1624 ΙΙ,
957 1573 1039 1624 49,
1086 1571 1242 1614 deinde
1282 1571 1329 1613 in
1368 1571 1509 1613 titulis
1548 1587 1696 1614 recen·

238 1640 450 1695 tioribus,
497 1648 545 1683 ut
583 1640 630 1682 in
661 1640 1059 1683 Tauromenitanis.
1137 1639 1338 1682 Ceterum
1378 1639 1632 1693 τετρώκοντα
1672 1655 1697 1682 e

238 1707 539 1761 τετορήκοντα,
599 1708 874 1762 τετροήκονῑα
919 1709 1079 1751 sactum
1122 1715 1215 1762 est,
1276 1714 1323 1749 ut
1366 1705 1599 1761 ὀγδώκοντα
1643 1724 1697 1751 ex

240 1774 506 1829 ὀγδοήκοντα.

354 1843 716 1894 πεντήκοντα,
750 1843 1008 1893 ἑξήκοντα
1039 1842 1231 1894 (Heracl.
1264 1841 1538 1897 Γεξήκοντα).

353 1911 719 1964 ἑβὸεμήκοντα
749 1910 795 1952 in
825 1911 942 1952 tabb.
970 1911 1144 1952 Heracl.
1180 1918 1221 1952 et
1241 1910 1403 1969 Delph.
1439 1910 1570 1964 16903
1602 1911 1694 1953 vul·

241 1994 341 2037 gare
373 1977 652 2031 ἑβδομήκοντα
691 1985 757 2020 est
794 1979 840 2020 in
872 1977 1050 2034 Coi-cyr.
1086 1977 1194 2019 1845
1224 1985 1265 2019 et
1295 1978 1692 2020 Tauromenitanis.

354 2045 693 2099 ὀγδοήκοντα
725 2053 790 2087 est
820 2045 865 2086 in
890 2045 1068 2101 Corcyr.
1096 2044 1204 2087 1845
1235 2051 1276 2086 et
1295 2045 1694 2100 Tauromenitanis,

241 2113 315 2155 sed
346 2112 580 2170 genuinam
609 2112 819 2155 Doridem
849 2120 896 2153 ut
926 2111 1070 2153 ladem
1102 2110 1334 2165 ὀγδώκοντα
1363 2113 1596 2171 protulisse
1627 2129 1695 2156 su-

243 2181 473 2240 spicamur.

354 2247 697 2298 ἒνενήκοντα,
743 2246 919 2288 Heracl.
954 2246 1205 2296 ἐνενήκοντα.

356 2315 545 2357 ἑκατόν
583 2324 629 2357 ut
667 2315 824 2370 vulgo,
873 2315 996 2369 cujus
1036 2315 1156 2357 vocis
1197 2315 1433 2371 composita
1463 2314 1576 2372 apud
1604 2314 1694 2356 Do-

242 2385 409 2426 rienses
440 2384 615 2442 antiqua
656 2384 792 2425 forma
823 2390 988 2424 servata
1027 2382 1071 2423 in
1103 2399 1238 2424 κατιοι
1269 2390 1452 2425 exeunt:
1502 2383 1693 2423 διακα-

287 2560 322 2595 3)
372 2559 556 2592 Choorob.
583 2559 683 2592 Oxx.
716 2558 775 2599 ΙΙ,
805 2559 892 2599 205,
919 2559 950 2592 ⁴1.
1001 2559 1138 2604 Δωριεῖς
1175 2558 1232 2592 διὰ
1267 2562 1329 2591 τοῦ
1353 2561 1372 2593 ἶ
1397 2559 1580 2605 γράφοντες
1605 2558 1693 2595 αι”τὸ

244 2616 407 2659 τρέποι-σι
432 2615 472 2650 τὸ
497 2618 519 2650 ὅ
542 2617 575 2649 ἓν
599 2619 640 2663 τῇ
667 2615 915 2661 παραληγοιῗσῃ
943 2615 985 2652 εἷς
1011 2616 1048 2648 τὸ
1082 2619 1106 2649 ἇ
1139 2617 1289 2658 λέγοντες
1314 2617 1418 2650 εἴκασι
1453 2618 1543 2661 (leg.
1571 2618 1691 2659 i'xan).

243 2692 284 2697 —
336 2674 493 2718 Hesych.
521 2675 611 2707 i'xau
636 2673 657 2717 ἢ
683 2674 812 2712 εἵκατι,
846 2674 957 2709 εἴκοσι,

287 2732 323 2767 ⁴1)
375 2733 467 2764 Ann.
496 2733 595 2765 Oxx.
624 2731 663 2772 1,
694 2734 770 2772 1¹17,
798 2732 851 2766 32.
903 2729 946 2763 τὰ
979 2733 1011 2763 (li
1048 2731 1090 2768 zi<
1114 2735 1134 2763 ἶ
1170 2733 1258 2775 (leg.
1295 2733 1350 2773 ff)
1387 2731 1506 2778 Δώρια
1537 2731 1691 2772 ὀνόματα

243 2787 480 2831 προλαμβάηι
506 2790 593 2831 {lt-g.
622 2792 768 2834 παραλ.)
793 2789 833 2824 τὸ
856 2791 897 2822 ,7-
924 2790 1042 2827 εἴκοσι,
1070 2791 1194 2827 ιῖκατι,
1222 2790 1359 2822 εἴκατιν.
