1779 3079
265 168 365 217 502
667 164 896 214 Addenda
930 175 976 213 et
1012 165 1325 232 Corrigenda.

379 301 507 359 Pag.
541 300 593 342 13
638 307 748 342 not.
780 300 823 343 9.
885 299 1013 343 Adde
1042 300 1204 342 Arcad.
1243 302 1321 351 37,
1354 302 1395 344 7.
1447 299 1498 342 τὰ
1540 300 1609 343 διὰ
1649 304 1723 345 τοῦ

267 389 367 420 αυος
402 369 627 422 δισύλλαβα
659 367 864 418 ὀξύνεται,
909 372 1059 420 ναῦος,
1103 368 1202 416 αὖος
1233 367 1339 426 (leg.
1375 365 1495 420 αὖος)
1523 370 1544 411 ὁ
1577 368 1719 426 ξηρός.

266 438 310 481 τὸ
345 440 387 479 δὲ
418 435 570 491 οἷγαυός
599 436 888 490 τρισύλλαβον.
960 436 1159 479 Pessime
1202 434 1385 485 ὀξύνεται
1414 453 1493 496 pro
1524 454 1721 493 προπερι-

268 509 421 548 σπᾶται
450 512 524 548 aut
553 503 774 560 βαρύνεται
805 504 1012 563 seriptum
1045 521 1167 559 esse,
1217 513 1344 547 notus
1373 505 1492 547 vocis
1525 501 1626 554 αὖος
1655 521 1722 548 ac·

265 583 417 618 centus
449 582 492 617 et
521 573 701 632 oxytoni
733 571 885 627 ἀγαυός
916 573 1114 631 exceptio
1144 574 1422 633 patefaciunt.

377 643 506 700 Pag.
541 643 595 684 14
634 640 758 683 init.
818 642 886 683 De
927 642 1107 684 vocibus
1138 641 1404 704 Aeoliee—i—ri
1448 651 1514 691 ἀις
1552 657 1631 701 pro
1675 659 1723 690 ας

263 710 525 754 exeuntibus
571 709 680 752 adde
717 709 879 752 Arcad.
920 711 1006 764 92,
1038 711 1081 753 7.
1140 709 1190 750 τὰ
1228 712 1284 759 εἰς
1329 728 1395 758 αις
1433 709 1724 764 πολυσύλλαβα

262 781 464 827 Αιόλικῶς
507 777 688 827 ὀξύνεται
742 777 862 835 (leg.
909 777 1186 831 βαρύιἐται)·
1244 777 1472 832 Ἀτρείὸαις
1520 777 1607 819 ἀντὶ
1649 772 1724 820 ἐμοῦ

262 847 497 902 Ἀτρείδας,
538 846 763 901 ’Opimam
794 848 863 886 καὶ
892 844 942 885 τὰ
974 844 1150 886 σύνθετα
1183 844 1335 894 ἅπαις,
1369 846 1537 895 εὔπαις,
1570 844 1723 901 ἀνδρό-

261 933 373 964 παις.
435 915 648 971 Exempla
687 913 915 966 Ἀτρείδαις
954 920 997 954 et
1031 911 1257 967 Ὀρέσταις
1295 915 1485 972 pessime
1525 913 1722 971 apposita

260 990 385 1033 sunt,
417 982 504 1024 vid.
537 981 594 1022 L.
616 981 637 1023 I
667 981 825 1035 §.15²
858 982 899 1023 3.

371 1051 498 1106 Pag.
531 1049 586 1092 26
626 1049 657 1092 l.
690 1049 733 1091 7.
797 1049 908 1091 Cum
950 1049 1094 1104 ἅτερος
1136 1049 1337 1092 conferas
1379 1049 1503 1105 ἄτερ,
1555 1050 1719 1106 ἄτερθε,

260 1117 394 1173 ἀτάρ,
442 1133 554 1177 quae
593 1117 648 1159 ad
687 1134 779 1160 eam
822 1117 999 1175 stirpem
1039 1117 1263 1160 referenda
1305 1133 1401 1160 esse
1431 1117 1720 1162 indicavimus

369 1255 497 1310 Pag.
519 1253 575 1297 29
603 1253 635 1296 l.
656 1254 697 1296 5.
760 1253 949 1296 Multum
982 1252 1273 1296 dubitavimus
1305 1253 1357 1297 de
1386 1254 1572 1298 Aeolieo
1601 1256 1721 1300 vocis

258 1322 374 1370 ἅλιος
402 1321 574 1380 spiritu.
624 1321 770 1376 Quum
800 1322 917 1364 enim
948 1321 1236 1363 certissimum
1268 1321 1482 1376 videatur,
1513 1323 1560 1365 in
1586 1323 1721 1373 ἠέλιος

257 1398 300 1434 et
330 1388 465 1438 ἀέλιος
498 1387 635 1448 (quod
657 1389 916 1432 retinuimus
936 1389 1100 1448 Sapph.
1119 1390 1193 1443 79)
1224 1390 1366 1432 lenem
1395 1391 1720 1448 pronuntiatum

255 1474 384 1512 esse,
445 1458 560 1500 haud
604 1465 859 1501 cunctanter
903 1458 1020 1507 ἅλιος
1067 1457 1396 1515 scripsissemus
1439 1459 1541 1501 Ale.
1579 1459 1635 1502 70
1678 1467 1721 1502 et

257 1526 421 1586 Sapph.
460 1526 564 1580 111,
606 1525 858 1584 praesertim
890 1542 1024 1585 quum
1056 1528 1193 1568 forma
1226 1535 1442 1569 contracta
1473 1527 1586 1585 apud
1616 1527 1720 1569 Pin—

255 1595 405 1637 darum
437 1603 478 1636 et
509 1594 555 1636 iu
587 1594 894 1653 epigrammate
917 1594 1096 1636 metrico
1118 1593 1358 1652 Corcyraeo
1390 1595 1503 1638 lenis
1537 1595 1718 1655 spiritus

253 1662 416 1704 indicia
447 1663 655 1720 quaedam
686 1662 840 1705 habeat
868 1662 956 1705 vid.
989 1662 1045 1705 L.
1073 1662 1117 1704 11
1147 1662 1189 1716 ξ.
1222 1665 1276 1717 4,
1307 1664 1361 1716 4,
1394 1663 1481 1705 nisi
1513 1663 1718 1705 retinuis-

255 1739 320 1773 set
350 1747 431 1772 nos
462 1739 741 1788 cognatarum
771 1730 1024 1787 linguarum
1054 1732 1334 1789 comparatio.
1412 1731 1567 1790 Neque
1599 1731 1716 1774 enim

254 1798 442 1841 dubitari
484 1806 651 1857 potest,
699 1797 807 1858 quin
849 1797 1021 1848 ἆΓέλιος
1066 1799 1173 1850 (vid.
1207 1798 1260 1840 L.
1295 1799 1338 1840 Π
1383 1799 1424 1853 ξ.
1460 1800 1509 1852 5,
1543 1797 1586 1855 5)
1627 1815 1715 1842 non

254 1866 473 1909 diversum
504 1866 559 1908 sit
588 1882 611 1908 a
641 1866 827 1909 Gothico
861 1867 1036 1920 savil,
1082 1866 1362 1909 Litthnauico
1396 1868 1578 1921 saule,
1632 1867 1716 1910 La-

252 1934 345 1976 tino
390 1935 504 1986 sol,
559 1950 691 1992 quare
733 1942 774 1977 et
817 1950 943 1993 asper
981 1935 1027 1976 in
1069 1935 1182 1983 ἅλιος
1223 1934 1467 1977 rectissime
1513 1950 1536 1976 e
1578 1935 1714 1991 sigma

252 2009 491 2059 prognatus
535 2009 577 2043 et
614 2002 787 2058 plenior
827 2004 964 2044 forma
1010 2001 1144 2049 ἀέλιος
1184 2002 1274 2043 leni
1307 2018 1392 2043 nou
1424 2002 1619 2059 legitimo
1648 2003 1713 2045 iu-

253 2076 414 2112 structa
457 2084 552 2111 esse
595 2068 780 2111 videtur.
869 2069 999 2111 'Nunc
1041 2069 1291 2125 intelligere
1331 2069 1458 2110 nobis
1497 2070 1710 2127 videmur,

250 2138 367 2179 unde
415 2137 523 2179 mira
567 2135 641 2178 illa
692 2136 873 2195 spiritus
917 2136 1208 2194 discrepantia
1255 2136 1469 2193 originem
1516 2140 1709 2181 traxerit.

251 2206 304 2247 In
336 2205 500 2247 Graeca
542 2205 657 2246 enim
702 2205 854 2261 lingua
891 2203 1096 2260 (sortasse
1137 2205 1265 2246 etiam
1304 2206 1349 2246 in
1379 2206 1591 2249 Lesbiaca
1622 2207 1711 2249 dia-

250 2274 382 2326 lecto)
422 2275 527 2315 haec
557 2272 631 2315 lex
661 2272 798 2327 valet,
845 2280 891 2314 ut
922 2291 947 2314 α
979 2280 1020 2315 et
1052 2291 1074 2322 η
1107 2280 1204 2315 ante
1236 2281 1487 2331 sequentem
1517 2275 1710 2318 vocalem

250 2358 305 2385 ne
336 2340 493 2400 spiritu
524 2355 675 2398 aspero
708 2349 931 2383 ornentur.
995 2340 1141 2394 Quum
1172 2341 1308 2398 igitur
1329 2342 1570 2400 antiquitus
1603 2343 1710 2385 &Fi-

249 2415 337 2458 λιος
368 2408 642 2467 pronuntiari
671 2409 864 2467 potuisse
895 2409 1116 2462 videatur,
1147 2417 1246 2466 post
1276 2410 1489 2466 digamma
1521 2410 1707 2465 eiectum

249 2477 443 2535 oportuit
468 2477 612 2519 lencm
644 2477 832 2530 assumi,
880 2478 955 2536 qui
994 2485 1091 2535 post
1121 2478 1335 2519 vocalium
1368 2478 1707 2521 contractionem

250 2545 294 2587 in
329 2546 443 2593 ἅλιος
474 2545 598 2602 quasi
631 2545 898 2601 postliminio
929 2546 1074 2588 rediit.
1149 2545 1309 2588 Nostro
1348 2545 1483 2602 igitur
1517 2546 1619 2601 jure
1657 2547 1704 2588 in

250 2613 364 2661 ἅλιος
395 2628 593 2670 asperum
627 2621 851 2666 tenemus,
900 2613 1046 2670 paullo
1078 2613 1349 2655 dubitantius
1387 2615 1526 2655 lenem
1561 2616 1604 2655 in
1637 2613 1704 2655 ιῖἐ-

248 2686 359 2728 ime,
408 2696 540 2738 quum
585 2680 696 2722 haud
744 2680 1025 2738 improbabile
1057 2681 1138 2734 sit,
1186 2681 1372 2723 Lesbios
1405 2683 1576 2730 ‹il-'ehoe
1604 2698 1701 2739 pro-

244 2747 484 2790 nuntiasse.
