1779 3079
535 202 574 264 ᾗ.
618 205 662 253 6.
733 205 806 251 De
843 223 865 248 τ
897 220 984 265 pro
1018 222 1054 249 σ.
1459 201 1518 251 61

81 336 248 393 origine
289 338 494 394 adjectiva
536 347 648 380 sunt.
724 336 831 392 Ejus
870 337 1039 393 generis
1077 344 1142 378 est
1181 337 1340 378 mensis
1370 352 1524 379 nomen

80 403 345 459 Ἀρταμίτιος
383 407 425 457 (a
456 406 617 447 Dorico
648 404 836 461 genitivo
866 403 1137 457 Ἀρτάμιτυς,
1178 405 1261 446 vid.
1296 404 1336 457 ξ.
1370 405 1438 452 31)
1480 404 1523 445 in

82 470 199 512 Cret.
235 472 343 514 3052
384 473 472 514 sive
514 473 793 527 Ἀρτεμίτιος,
841 480 886 512 ut
928 479 992 512 est
1031 471 1074 511 in
1118 470 1295 527 Corcyr.
1341 472 1445 514 1845
1484 479 1525 512 ct

78 538 225 580 multis
269 539 428 581 Siculis
469 539 581 597 apud
619 539 872 580 Torremuz.
917 538 1020 591 XV,
1054 537 1106 579 10
1143 554 1290 594 scqq.,
1350 547 1390 579 et
1428 554 1525 596 pro-

77 606 278 647 montorii
309 606 532 647 Artemisii
575 607 803 664 appellatio
843 606 1000 648 Dorica
1042 605 1307 657 ’.κΙρ-τιιμίτιωιι
1339 606 1522 662 Lysistr.

78 673 182 714 1251
218 673 284 715 vel
314 672 595 727 Ἀρτεμίτιοιι,
649 690 730 732 qua
771 675 905 715 forma
946 689 1049 714 usus
1091 679 1155 714 est
1184 672 1394 713 Philistus
1427 675 1525 720 ἴσως

76 743 284 794 Δωρικῶς
316 741 550 782 secundum
582 740 844 798 Stephanum
876 741 927 782 de
964 740 1119 793 urbb.,
1165 748 1379 797 postremo
1419 739 1524 791 ’Λρ-

73 808 258 858 τεμίτιον,
291 808 456 849 Dianae
478 810 621 850 fanum
637 840 649 861 ,
681 809 724 850 in
746 809 931 850 Acrensi
953 807 1077 848 titulo
1102 807 1356 863 Goettlingii
1389 823 1454 847 nr.
1480 808 1522 860 3,

73 873 148 914 ubi
179 876 421 931 promiscue
452 876 715 929 Ἀρτεμίσιον
753 884 955 929 vocatur,
997 875 1143 916 nescio
1183 891 1234 915 an
1281 875 1402 930 ejus,
1449 873 1523 931 qui

74 940 328 999 descripsit,
371 959 528 984 errore.
592 944 763 985 Deinde
796 943 1040 1001 Stephanus
1070 942 1306 998 Byzantius
1335 942 1525 995 ’,Αᾳρο-

74 1009 214 1049 ὁιτιά
259 1018 381 1051 vocat
425 1011 662 1052 Laconicae
709 1012 914 1069 oppidum
968 1025 1145 1067 eamque
1190 1010 1364 1050 formam
1411 1009 1524 1067 apud

72 1074 371 1133 Thucydidem
404 1078 484 1132 IV,
517 1080 569 1120 33
600 1079 812 1136 reperisse
852 1077 1044 1130 videtur,
1091 1077 1163 1117 ubi
1205 1093 1320 1118 nunc
1358 1076 1523 1132 Ἀφρο-

72 1144 183 1183 δισία
215 1144 398 1200 legitur,
450 1153 496 1186 ut
524 1146 806 1198 ’Λᾳροδισιάς
836 1146 948 1203 apud
978 1145 1232 1185 Pausaniam
1265 1145 1356 1197 Ill,
1387 1145 1466 1198 22,
1497 1145 1524 1187 9

71 1217 113 1251 et
142 1212 324 1253 eundem
357 1212 622 1270 Stephanum
658 1213 702 1254 in
734 1214 815 1265 iis,
867 1229 974 1270 quae
1014 1211 1207 1270 proxime
1249 1212 1519 1253 antecedunt.

69 1277 269 1321 Mulieris
313 1296 468 1321 nomen
512 1281 763 1335 ’Λᾳροὸιτιά
809 1296 886 1338 pro
927 1280 1150 1332 ’.Ᾰᾳοδιτιά
1194 1280 1237 1320 in
1282 1278 1522 1336 Cyrenaico

69 1345 194 1388 titulo
234 1347 429 1389 breviore
469 1349 778 1390 restituendum
816 1348 998 1389 videtur.
1070 1346 1329 1401 'quodcm'a
1373 1356 1437 1388 est
1478 1347 1521 1387 in

69 1412 218 1456 Herm.
255 1417 387 1469 1211,
420 1416 720 1468 Ἀᾳςνοὸι’σιων,
759 1415 945 1457 Veneris
976 1415 1208 1472 templum,
1240 1415 1345 1456 Aer.
1380 1416 1422 1456 3.

181 1483 339 1523 Eadem
384 1484 563 1525 Doridis
616 1485 856 1542 proprietas
910 1490 1126 1540 spectatur
1177 1483 1221 1524 in
1275 1482 1521 1524 nominihus

70 1549 320 1605 gentilibus,
365 1552 604 1593 Selinuntis
636 1552 802 1593 incolae
820 1568 864 1593 se
896 1551 980 1608 ipsi
1012 1551 1285 1609 appellabant
1305 1551 1521 1591 Σελινούν-

69 1634 171 1665 τιοι,
237 1626 283 1658 ut
319 1626 383 1659 est
422 1619 464 1659 in
496 1620 708 1667 nummis,
768 1621 854 1661 vid.
887 1619 1055 1660 Mionu.
1088 1618 1243 1659 Descr.
1285 1617 1304 1658 l
1345 1633 1387 1674 p.
1421 1618 1519 1671 286,

68 1699 156 1725 11011
195 1686 477 1737 Σελινούσιοι,
537 1703 662 1743 quam
704 1688 891 1728 nominis
932 1688 1108 1727 formam
1152 1701 1247 1726 cum
1289 1684 1417 1726 altera
1447 1685 1520 1726 illa

69 1761 371 1794 commemorat
394 1754 661 1810 Stephanusg
696 1755 885 1813 Opuntis
906 1753 1109 1795 Locricae
1140 1752 1305 1793 incolae
1335 1752 1380 1793 in
1400 1769 1520 1793 num·

68 1820 148 1860 mis
180 1829 220 1862 et
253 1822 361 1862 (1.1.
400 1822 506 1863 1752
536 1823 716 1863 audiunt
745 1822 1008 1870 '()7101'=1=†wc‚
1043 1837 1127 1861 non
1152 1820 1403 1874 ’()ποει’σιοι,
1436 1836 1519 1877 qua

67 1887 119 1929 de
150 1889 283 1930 forma
315 1889 400 1930 vid.
436 1890 586 1948 Steph.
620 1890 728 1947 Ryz.
763 1898 805 1932 et
834 1891 1029 1931 Eustath.
1062 1889 1160 1942 277,
1194 1889 1270 1943 123
1303 1887 1519 1941 Siduntis,

69 1956 283 1998 Corinthii
324 1957 431 2010 viri,
478 1958 642 1999 incolae
676 1957 894 2016 Stephano
933 1964 1039 1999 teste
1071 1955 1303 1998 Σιδούιιτιοι
1333 1956 1518 2014 appella-

65 2022 243 2076 bantur,
278 2025 492 2066 Oenuntis
509 2027 749 2067 Laconicae
776 2025 1030 2078 (jae'zoz'wzmt,
1062 2023 1275 2081 Pyxuntis
1298 2023 1342 2064 in
1359 2023 1519 2080 Magna

67 2089 245 2133 Graecia
286 2094 548 2141 1T1·}‹›1'·1uot,
593 2093 765 2134 Olontis
799 2093 992 2135 Creticae
1023 2091 1254 2132 Ὀλούιτιοι
1284 2091 1517 2132 50011111111111

68 2157 359 2215 Stephanum,
394 2161 550 2202 rectius
581 2160 784 2202 Ὀλόηωι
819 2161 860 2201 in
886 2160 1000 2201 Cret.
1027 2160 1152 2211 2554,
1185 2166 1266 2200 etc.
1324 2158 1517 2200 Subinde

69 2225 312 2283 Stephanus
343 2229 536 2285 duplices
566 2229 723 2269 formas
757 2230 901 2281 affert,
941 2235 987 2268 ut
1023 2227 1258 2268 Φλιοι’·ιιτιοι
1288 2234 1329 2267 et
1366 2227 1518 2267 Φλιού-

68 2310 148 2334 σιοι
180 2294 247 2335 vel
286 2295 509 2345 Φλιάσιοι,
560 2297 872 2348 aI‘aicm‘)oz'wnoz
904 2303 946 2336 et
985 2294 1280 2346 ῑΙῐαμαθοίπιοι
1309 2293 1354 2334 in
1384 2294 1516 2335 Laco-

63 2360 189 2415 nica,
253 2363 523 2404 Akamfoo'wvoa
563 2371 604 2404 et
632 2365 914 2411 Σελινούσιοι,
978 2379 1156 2420 quarum
1196 2362 1363 2419 priores
1402 2360 1515 2417 apud

64 2428 183 2486 ipsos
214 2429 376 2471 incolas
407 2431 592 2472 Doricos
623 2431 665 2472 in
698 2448 778 2473 11511
812 2432 944 2473 fuisse
976 2438 1137 2473 certum
1167 2430 1385 2470 habemus.

177 2497 219 2547 5)
277 2498 389 2539 Tum
428 2500 512 2539 huc
543 2498 761 2555 pertinent
790 2499 1024 2540 numeralia
1056 2496 1263 2539 ordinalia
1295 2511 1390 2536 cum
1420 2497 1515 2534 ἕκα-

40 2576 132 2605 ’τον
161 2566 420 2623 composita,
452 2572 499 2606 ut
530 2565 756 2616 ὃιακάτιοι,
789 2566 1020 2619 τριακάῑιοι
1047 2580 1126 2623 pro
1145 2562 1363 2611 διακόσιοι,
1396 2579 1512 2616 τρια-

67 2630 206 2673 κόσιοι
237 2641 345 2687 etc.,
393 2635 444 2675 de
475 2633 632 2692 quibus
663 2634 773 2675 infra
803 2634 1041 2676 accuratius
1072 2646 1333 2688 exponemus
1365 2630 1404 2682 ξ.
1439 2630 1507 2671 34.

68 2696 154 2740 Sed
176 2700 263 2754 jam
297 2702 366 2742 hic
396 2717 568 2743 monere
598 2702 760 2759 placet,
806 2702 990 2758 primum
1030 2700 1074 2740 in
1117 2699 1243 2739 altera
1271 2697 1508 2738 tabularum

66 2764 416 2810 Heracle-ensium
459 2769 654 2826 vulgares
694 2770 850 2810 formas
881 2767 1054 2809 Doricis
1088 2764 1352 2806 intermixtas
1393 2780 1506 2817 esse,
