1779 3079
544 188 587 247 §.
629 189 703 238 19.
773 190 847 235 Dc
879 210 906 235 α
942 207 1027 251 pro
1066 212 1101 246 η.
1453 193 1542 242 133

104 323 402 376 ἀκρατίζεσθαι
433 322 590 381 Sophr.
621 324 700 376 34,
747 323 912 376 ἐγκίκρα
945 323 1099 381 Sophr.
1134 326 1174 366 2.
1248 325 1398 384 Neque
1429 327 1541 369 enim

102 390 335 449 quidquam
364 389 522 432 Joanni
554 389 835 431 Grammatico
868 390 896 430 f.
928 391 1009 432 243
1055 392 1234 449 ejusque
1265 395 1544 437 sectatoribus

106 458 182 499 Gr.
218 459 268 499 C.
313 459 419 511 359,
464 457 642 499 Mem-m.
686 456 766 499 659
803 457 1076 499 tribuendum
1117 467 1205 513 est,
1251 461 1325 518 qui
1364 462 1540 515 ἄκρητος

102 525 312 567 Doricum
343 541 435 566 esse
466 540 544 582 pro
577 524 754 577 ἄκρατος
784 525 979 579 tradunt,
1025 526 1098 566 ubi
1138 527 1241 583 quid
1279 531 1542 588 corruptelae

101 594 253 648 lateat,
282 592 444 634 nescio.
504 592 565 632 At
595 591 639 632 in
671 591 792 634 tertio
822 592 1000 634 Pindari
1029 594 1124 635 loco
1155 610 1301 636 omncs
1330 597 1429 639 libri
1454 598 1542 640 Do-

102 661 237 703 ricum
268 660 422 715 κρατῆρ
453 659 685 717 praebent,
717 660 759 700 in
790 659 929 717 primo
958 661 1134 718 optimi,
1180 661 1224 703 iu
1253 663 1392 705 medio
1421 665 1539 720 boni,

101 729 215 786 (prod
243 743 319 769 cur
350 728 666 785 propellamus,
698 727 806 768 nihil
831 728 977 770 adesse
1008 729 1218 786 intelligo.

213 794 446 852 ιΞναστήῃ
479 795 529 836 P.
558 795 638 849 IV,
672 795 749 836 155
778 795 1021 837 Boeclzhius
1053 812 1129 853 pro
1163 796 1395 853 ἆνασιήσῃ,
1429 801 1541 856 quod

99 870 141 904 ct
183 878 335 904 seusus
376 870 417 904 et
456 862 626 903 dialecti
667 862 838 904 nomine
880 871 1123 922 suspectum
1164 873 1253 917 est,
1297 856 1542 910 Hermanno

98 930 305 988 probante
345 929 530 987 scripsit.
609 929 693 972 Vel
732 930 793 972 sic
837 938 975 971 tamen
1008 938 1152 973 contra
1182 932 1384 975 Doricam
1414 934 1542 977 diale-

99 1005 212 1039 ctum
242 1005 444 1055 peccatur
481 1005 522 1039 et
550 998 677 1039 lectio
710 998 752 1038 in
785 999 959 1039 scholiis
991 1007 1314 1041 commemorata
1345 999 1540 1052 ἀνασταίη

98 1066 320 1107 verissima
350 1073 436 1119 est,
479 1066 604 1107 modo
636 1065 956 1121 conjunctivum
984 1081 1191 1122 agnoscas
1222 1075 1289 1120 et,
1321 1068 1357 1109 si
1386 1069 1542 1126 placet,

99 1134 183 1175 iota
213 1133 500 1190 subscriptum
540 1133 699 1188 addas,
743 1149 838 1173 nam
882 1133 1181 1188 conjunctivus
1223 1134 1416 1193 ἀνασταίῃ
1456 1153 1541 1178 non

98 1201 239 1242 minus
270 1208 381 1242 recte
422 1217 466 1241 se
505 1200 654 1255 habet,
700 1216 826 1258 quam
858 1201 1134 1242 Homericum
1166 1205 1458 1259 παραφθαίῃσι
1488 1205 1540 1246 Il.

99 1287 144 1318 κ,
180 1268 285 1321 346,
320 1268 370 1309 de
402 1283 486 1325 quo
517 1268 826 1326 disputavimus
859 1268 900 1308 in
933 1268 1081 1310 libello
1113 1269 1162 1310 de
1186 1270 1413 1312 Homerica
1444 1288 1541 1314 eon-

91 1336 316 1393 jugatione
348 1336 390 1376 in
419 1337 461 1386 ἶιῖ
489 1354 532 1394 p.
556 1336 620 1377 17.

210 1403 448 1458 καύχημα
478 1405 513 1445 Ι.
545 1404 627 1457 IV,
658 1404 712 1445 57
750 1421 772 1445 a
805 1406 1043 1459 καυχᾶσθαι
1073 1406 1389 1448 excusationem
1421 1408 1545 1449 habet

100 1479 273 1529 propter
311 1468 514 1513 Doricam
554 1471 672 1513 xerbi
713 1473 889 1513 sormam
932 1473 1153 1527 κανχέομαι
1181 1474 1366 1516 Theoer.
1401 1475 1458 1529 V,
1491 1478 1545 1518 77

96 1539 152 1580 cs·
187 1538 330 1594 αὗχὲω.

212 1607 483 1662 ὁμηγυρὴς
523 1608 576 1649 Ρ.
608 1608 699 1661 Xl,
732 1609 758 1650 8
796 1608 1015 1649 Boechhio
1052 1614 1250 1649 monente
1275 1608 1364 1664 jam
1395 1626 1417 1651 a
1445 1610 1544 1651 Dis-

99 1674 219 1716 senio
250 1675 293 1715 in
325 1674 531 1730 ὁμαγυρὴς
561 1682 761 1716 mutatum
795 1682 872 1716 cst.

212 1743 393 1784 Restant
434 1743 620 1794 μελιηδέα
664 1743 717 1783 P.
760 1742 849 1795 IX,
890 1742 943 1784 38
987 1742 1249 1800 (quanquam
1296 1742 1338 1783 in
1380 1743 1433 1783 fr.
1469 1744 1548 1786 147

100 1811 343 1852 Boechhius
375 1810 467 1851 sine
509 1810 631 1851 libris
671 1810 879 1862 μελιαδέος
923 1809 1083 1863 dedit),
1127 1809 1340 1865 προςηύὸα
1381 1810 1431 1851 Ρ.
1464 1810 1544 1863 IV,

102 1879 207 1932 119,
241 1877 430 1927 νήποινον
460 1878 511 1919 Ρ,
546 1878 638 1931 ῘΧ,
672 1878 726 1919 60
754 1877 836 1919 vid.
870 1885 958 1918 not.
994 1878 1045 1929 4,
1076 1877 1284 1929 τέτμηνται
1312 1877 1347 1917 I.
1383 1877 1442 1932 V,
1474 1879 1544 1931 21,

102 1946 309 2000 ἄπρηκτος
353 1945 388 1986 Ι.
431 1945 544 1995 VII,
577 1945 604 1986 7
648 1946 908 2002 (quanquam
946 1944 1106 2002 ubique
1143 1945 1344 1997 πράσσω,
1392 1949 1547 2000 πρᾶγος

101 2015 227 2068 οἶα),
277 2030 403 2071 quam
445 2014 620 2055 sormam
650 2012 893 2054 Boeekhius
930 2011 1259 2053 reconditiorem
1290 2028 1383 2054 esse
1413 2019 1546 2067 ratus,

101 2097 226 2138 quam
258 2097 364 2138 quae
395 2080 530 2138 possit
564 2097 585 2121 a
616 2079 790 2121 librario
820 2080 1009 2137 prosecta
1027 2078 1189 2132 videri,
1221 2079 1547 2136 significationis

102 2148 330 2189 discrimen
356 2148 565 2206 quoddam
590 2147 770 2205 quaerit.
830 2148 1004 2188 Poterat
1034 2153 1171 2187 tamen
1202 2148 1548 2203 grammaticulus

103 2222 145 2256 et
173 2215 390 2271 vulgarem
416 2216 593 2256 formam
626 2215 832 2268 ἄπρακτος
862 2214 1080 2271 aspernari
1120 2220 1162 2255 et
1193 2215 1443 2257 Homericae
1485 2232 1547 2256 re·

103 2282 284 2325 eordari.
355 2281 516 2335 Vides,
568 2298 695 2339 quam
739 2298 787 2323 ea
825 2280 966 2322 omnia
1005 2281 1091 2322 sint
1124 2288 1337 2339 suspecta.
1410 2282 1548 2323 Multo

104 2350 227 2408 plura
267 2349 354 2389 illis
390 2348 551 2405 regulis
589 2348 865 2390 adversantur
909 2348 953 2390 in
983 2348 1205 2390 Theocriti
1234 2349 1396 2407 idylliis
1423 2349 1547 2390 ctiam

104 2418 184 2471 iis,
216 2432 323 2473 quae
354 2422 454 2456 sunt
482 2416 776 2470 Λωρικώτερα.

216 2485 260 2534 5)
321 2482 580 2540 Saepissime
611 2483 736 2536 latet,
767 2484 979 2541 quomodo
1005 2503 1024 2533 η
1048 2492 1186 2525 ortum
1206 2485 1277 2538 sit,
1311 2500 1388 2525 nee
1409 2490 1550 2541 potest

106 2568 159 2593 ex
188 2550 355 2607 origine
386 2550 616 2607 quidquam
648 2550 698 2590 de
717 2551 876 2592 Dorica
905 2551 1137 2592 mutatione
1166 2552 1365 2607 intelligi.
1412 2550 1549 2591 Multa

106 2626 276 2671 tamen,
320 2633 427 2674 quae
465 2624 630 2674 praeter
670 2617 742 2658 illa
780 2618 989 2659 Doricum
1031 2636 1054 2657 α
1100 2619 1340 2674 postulant,
1388 2618 1548 2674 regulis

107 2685 359 2743 quibusdam
389 2683 747 2742 comprehendere
779 2685 892 2726 lieet.
968 2686 1016 2726 ln
1048 2685 1210 2726 Doride
1248 2685 1379 2741 igitur
1423 2703 1448 2725 α
1486 2701 1547 2726 as·

109 2758 279 2805 sumunt
308 2753 434 2794 llaec:
