1779 3079
497 201 573 249 Ad
607 199 819 248 Librum
851 198 1090 246 Primum.
1414 195 1508 244 521

80 337 252 380 deensis
282 353 348 379 nr.
380 337 434 379 33
463 336 596 378 Leak.
615 367 628 389 ,
678 335 724 376 in
757 349 841 391 quo
869 334 991 375 Νέων
1019 340 1061 375 et
1088 333 1153 375 τοῖ
1180 348 1256 390 pro
1285 334 1337 384 τῷ
1368 330 1414 386 (e
1444 346 1511 372 nr.

80 405 189 448 1588
217 404 380 446 Leakio
408 410 580 445 auctore
610 402 653 444 11
685 400 817 442 nr.31
849 400 956 442 adde
986 399 1213 450 Mhzwvog,
1246 415 1379 457 quum
1397 414 1514 440 nune

78 471 322 526 Ἀρίστωνος
348 471 571 529 legatur)3
614 479 704 511 tum
733 467 1019 524 Thespiensis
1050 483 1117 509 nr.
1149 467 1203 509 77
1233 466 1397 521 Leak.‚
1440 465 1516 507 uhi

85 539 360 595 Θρασύμαχος
399 546 441 581 et
477 540 561 587 τοῖς
599 545 640 578 et
680 534 892 592 Copensis
931 534 1159 576 frustulum
1200 534 1295 577 Ulr.
1339 549 1384 591 p.
1415 533 1514 587 203,

79 607 154 650 ubi
181 608 257 649 τοί.
321 606 379 648 Et
408 606 453 647 in
482 606 551 646 his
581 603 755 662 quidem
784 600 924 643 titulis
953 617 1164 658 nusquam
1197 618 1243 642 ου
1272 617 1350 659 pro
1370 618 1392 641 υ
1424 607 1466 642 et
1493 616 1517 640 v

76 689 155 731 pro
186 691 226 716 οι
254 674 322 716 vel
351 690 381 726 ῳ
410 672 696 730 reperiuntur.
784 669 920 711 Mixta
951 667 1158 726 quaedam
1193 669 1301 711 ratio
1330 667 1518 725 primum

77 749 143 783 est
172 742 216 783 in
250 741 385 783 titulis
416 739 541 782 Ptoio
572 745 613 780 et
643 736 932 779 Orchomenia
962 751 1027 776 nr.
1061 735 1088 778 8
1118 734 1240 776 Curt.
1261 768 1273 784 ,
1317 736 1392 793 qui
1422 750 1518 793 pro-

77 808 249 850 ductum
278 824 302 848 v
331 813 521 860 mutant,
564 814 807 863 correptum
839 810 1030 853 servant,
1063 802 1377 861 diphthongum
1410 820 1449 845 οι
1479 809 1520 844 et

76 882 248 918 servant
277 882 319 917 et
347 891 426 933 pro
457 891 487 926 ῳ
516 881 708 931 ponunt,
740 880 787 914 ut
817 872 863 913 iu
895 871 1023 913 Ptoio
1056 877 1154 913 sunt
1187 869 1388 920 Πούθων,
1419 875 1519 911 FA-

78 944 293 996 στυμέδων,
328 943 557 994 Γρυλλίων,
589 939 873 993 Ὀνόμαστος,
909 940 1103 989 Βοιωτοί,
1136 939 1363 989 Βοιωτοῖς,
1399 942 1521 978 Πτω-

75 1012 132 1052 ίοι
160 1026 238 1069 pro
272 1012 449 1062 Πτωῖῳ,
503 1016 544 1050 et
573 1009 619 1050 in
651 1006 943 1049 orchomenio
981 1005 1252 1056 Θιοκούδεις,
1306 1005 1519 1057 Πουθιάς,

77 1077 288 1131 Πούθων,
321 1076 634 1130 Πουθόὸωρος,
670 1073 922 1128 Πολύρειτος
936 1075 1022 1127 (Ἰ),
1061 1072 1332 1127 Θρασύλαος,
1364 1071 1520 1124 Ὀλυμ-

73 1146 234 1200 πίχιος,
265 1144 533 1200 Εὐρύλοχος,
564 1141 749 1197 ΠΙύρτων
780 1140 915 1199 (quod
932 1141 1109 1183 Curtius
1128 1148 1289 1182 temere
1311 1138 1522 1192 ἰηΜούρ-

75 1230 153 1253 των
182 1211 410 1267 mutavit),
460 1211 689 1260 Βοιωτοῖς,
738 1207 1047 1265 Ἐρχομενιόις,
1102 1210 1187 1256 τοῖς
1217 1206 1520 1263 πολεμάρχοις,

75 1287 265 1323 ceterum
296 1280 473 1322 eandem
503 1279 712 1321 rationem
736 1277 827 1333 jam
857 1276 1037 1318 observa
1067 1275 1112 1317 in
1149 1275 1200 1317 C.
1226 1276 1261 1317 I.
1294 1292 1360 1317 nr.
1396 1273 1523 1328 1565,

42 1356 44 1373 ¹
75 1347 152 1390 ubi
180 1346 281 1403 τύχα
310 1354 352 1389 et
384 1346 566 1389 ἇσουλιά.
626 1347 851 1388 Postremo
882 1344 928 1385 in
950 1343 1241 1386 Orchomenio
1272 1341 1522 1385 nr.7Curt.

75 1415 219 1458 omnia
248 1424 406 1457 temere
437 1414 567 1456 mixta
599 1413 1001 1472 deprehenduntur:
1034 1410 1180 1467 τούχα,
1216 1409 1410 1460 ἇσουλία,
1442 1414 1527 1451 Fu-

76 1485 172 1537 κία,
226 1482 428 1537 ἑςγόνοις,
480 1483 566 1529 τοῖς
598 1481 734 1530 ἄλλοις
763 1481 1001 1536 προξένοις,
1055 1481 1121 1521 τοῖ
1150 1477 1260 1531 δάμῳ
1291 1479 1378 1532 (Ἰ),
1424 1476 1525 1518 αὖῑῧ

77 1567 156 1609 pro
189 1550 309 1603 αὐτῷ.
379 1551 429 1590 In
461 1549 618 1591 iisdem
647 1549 716 1591 his
747 1548 909 1599 titulis,
951 1548 1027 1606 qui
1058 1546 1351 1589 Boeotismum
1381 1545 1528 1588 minus

75 1619 264 1677 pet-secte
297 1619 458 1660 referre
488 1617 710 1667 videntur,
744 1616 950 1669 observa,
982 1631 1090 1673 quae
1119 1630 1222 1672 prae
1252 1613 1436 1672 reliquis
1467 1620 1527 1655 et-

75 1687 160 1728 iam
189 1686 329 1744 magis
360 1685 564 1727 Boeotica
592 1684 778 1726 habent:
842 1683 1013 1724 ἀνέθιαν
1039 1683 1085 1723 in
1117 1681 1274 1737 Ρῐοίο,
1322 1689 1526 1740 patrony-

76 1753 187 1796 mica
226 1753 273 1794 in
310 1770 372 1802 ιος
404 1753 647 1795 desinentia
676 1752 721 1793 in
753 1751 909 1801 Ptoio,
968 1749 1235 1808 Thespiensi
1273 1757 1314 1790 et
1344 1756 1527 1807 utroque

78 1821 218 1863 Curtii
249 1820 539 1863 Orchomenio
569 1821 866 1878 frequentata,
898 1817 1056 1876 quibus
1080 1816 1395 1859 Orehomenius
1418 1817 1526 1858 Lea·

75 1889 138 1930 kii
178 1904 244 1929 nr.
277 1888 331 1930 37
361 1888 534 1930 omnino
573 1887 774 1930 abstinet.
817 1911 868 1916 —
929 1886 1078 1944 Itaque
1110 1902 1318 1927 novorum
1352 1900 1526 1943 quoque

75 1956 299 1998 titulorum
333 1955 534 1997 Thebani
571 1964 612 1997 et
642 1953 939 1997 Lebadeensis
970 1953 1022 1994 ad
1052 1954 1230 1996 alterum
1264 1968 1402 2010 genus
1433 1968 1528 2009 per-

75 2023 247 2076 tinent,
296 2023 413 2082 quod
444 2024 588 2065 minus
619 2022 871 2065 Boeoticum
900 2021 1042 2063 visum
1073 2030 1166 2075 εει,
1226 2020 1380 2062 deinde
1411 2020 1526 2061 The-

80 2090 267 2148 spiensis
299 2091 450 2132 titulus
477 2090 721 2132 Praxitelen
752 2089 873 2147 operi
905 2088 1205 2147 subscriptus,
1238 2088 1314 2146 qui
1344 2086 1526 2144 reliquis

77 2158 226 2217 paullo
256 2157 473 2214 antiquior
502 2166 589 2210 est,
650 2165 691 2199 et
727 2156 878 2198 Ptoius
919 2156 1022 2198 item
1063 2156 1306 2215 antiquior,
1367 2154 1527 2212 quippe

79 2225 155 2284 qui
186 2224 406 2267 Ulriehsio
440 2225 589 2280 judice
627 2225 773 2282 paullo
803 2231 903 2282 post
934 2224 1006 2266 Ol.
1041 2225 1147 2277 116,
1181 2226 1203 2265 1
1237 2222 1422 2280 scriptus
1453 2221 1525 2274 sit,

79 2308 188 2351 quae
220 2292 396 2351 egregie
427 2308 523 2334 cum
551 2300 698 2334 nostro
723 2292 894 2348 judicio
925 2295 1187 2348 conspirant.

191 2361 314 2417 Pag.
347 2360 487 2403 1981.
516 2359 541 2402 5
572 2368 704 2401 extr.
738 2360 825 2416 leg.
860 2359 1077 2401 nr.1599
1106 2358 1464 2412 Αὲσχρονδας.

191 2427 318 2485 Pag.
353 2426 433 2470 199
463 2434 570 2469 not.
598 2427 638 2469 3.
699 2427 827 2469 Adde
858 2433 1075 2481 Κροεσος,
1107 2425 1224 2482 quod
1254 2432 1319 2468 est
1348 2424 1395 2466 in
1424 2440 1526 2466 vase

80 2502 188 2538 teste
217 2494 382 2537 Leakio
413 2494 455 2536 ll
485 2511 528 2552 p.
552 2494 650 2537 472.

194 2562 321 2620 Pag.
353 2561 432 2604 201
464 2562 494 2603 l.
521 2562 587 2605 10.
648 2562 699 2604 In
728 2562 853 2605 libris
885 2570 950 2605 est
978 2560 1189 2616 ψιάθους,
1250 2559 1366 2618 quod
1395 2559 1525 2602 Bent-

81 2630 195 2687 lejus
227 2630 416 2672 mutavit.

194 2723 246 2728 —
289 2697 320 2738 l.
352 2697 421 2739 20.
484 2696 755 2746 Λιονιούσιος
803 2715 869 2740 nr.
910 2698 939 2741 8
979 2696 1098 2737 Curt.
1152 2695 1198 2735 in
1243 2693 1385 2752 lapide
1429 2710 1525 2737 esse

83 2780 212 2822 aegre
242 2764 474 2807 credimus.
