1779 3079
362 151 403 211 §.
431 151 510 199 42.
559 152 633 198 De
664 149 999 214 conjugatione
1027 149 1260 197 anomala.
1441 115 1541 197 347

90 291 300 334 Doricum
332 307 428 333 csse
458 290 642 332 traditur
662 288 729 345 8),
773 294 815 329 ct
844 289 1028 330 sortasse
1057 289 1224 329 κλαῖσαι
1253 287 1282 328 i.
1316 302 1354 329 e.
1389 289 1541 338 κλᾷσαι

90 360 204 417 apud
233 360 527 417 Hesychium,
573 357 651 400 ubi
692 371 806 398 nunc
843 359 989 407 κλᾷξαι
1018 372 1041 397 e
1071 355 1242 397 Musnri
1272 354 1540 396 correctione

90 427 176 469 vid.
209 427 250 479 ξ.
285 429 364 480 11,
397 428 439 470 2.
500 424 782 467 Recentiores
813 427 835 472 ζ
864 423 1146 476 addiderunt,
1194 423 1306 464 sicut
1336 422 1462 464 etiam
1493 422 1539 462 iu

90 495 261 552 vulgari
300 495 450 551 lingua
492 493 728 536 recentiore
770 490 930 547 κλῄζειν
971 489 1186 547 reperitur
1224 490 1311 531 vid.
1346 489 1539 531 Lobeck.

93 562 145 604 ad
174 563 339 604 Buttm.
372 563 416 603 ll
454 578 493 618 p.
524 561 623 603 221.
685 559 752 601 Eo
780 559 998 615 pertinent
1026 556 1240 613 Hesycbii
1270 558 1415 612 glossa
1447 574 1542 597 κα-

90 629 396 679 τεκλάζετο,
443 627 702 669 Theocritea
733 629 865 678 κλαξιῇ
894 625 987 678 VI,
1020 625 1074 666 3⁵2
1118 624 1253 681 (quod
1284 640 1336 665 cx
1366 624 1542 680 optimis

91 697 217 739 libris
247 712 325 753 pro
356 698 496 737 κλασῶ
526 696 594 737 vel
626 697 765 747 κλᾳσῶ
805 692 1064 750 rescriptum
1104 690 1187 745 est)
1230 691 1460 739 ἇπόκλαξον
1501 698 1544 732 ct

93 763 329 812 ἀποκλάξας
351 763 457 816 XV,
479 764 550 805 43.
572 764 640 806 77.
703 761 946 804 Scholiasta
977 759 1265 801 Theocriteus
1296 759 1402 805 (vid.
1424 759 1465 811 ξ.
1495 760 1545 800 19

90 838 181 873 not.
216 831 316 884 10),
361 830 438 888 qui
478 838 520 872 et
558 833 702 882 κλᾳσῶ
741 838 782 873 et
813 832 947 881 κλᾳξῶ
976 828 1137 870 Dorica
1170 843 1266 868 csse
1298 826 1454 877 tradit,
1500 826 1545 865 iu

90 900 172 941 hoc
202 914 338 956 aeque
367 898 454 940 iota
484 898 700 939 subscribi
725 898 865 954 jubet.
927 897 1158 939 Librorum
1189 903 1330 935 tamen
1362 893 1545 934 auctori-

91 973 155 1007 tas
186 966 348 1023 ubique
378 973 592 1023 repugnat
621 981 700 1007 nec
731 965 901 1015 minus,
951 965 995 1006 id
1036 963 1153 1022 quod
1190 978 1305 1003 nunc
1337 960 1547 1015 intellig-i-

91 1050 212 1087 mus,
258 1034 466 1076 credibile
497 1041 586 1087 est,
633 1034 679 1075 in
725 1032 858 1080 κλάζω
900 1032 952 1073 ab
994 1031 1102 1089 ipsis
1131 1029 1426 1072 Doriensibus
1459 1029 1548 1070 iota

92 1101 300 1144 omissum
332 1117 426 1144 esse
468 1117 595 1158 quam
639 1101 684 1142 in
723 1100 862 1155 χρῄζω
903 1099 992 1140 vid.
1035 1101 1076 1153 ξ.
1110 1100 1190 1152 22,
1224 1100 1278 1151 7,
1325 1098 1396 1139 vel
1435 1114 1458 1137 v
1500 1096 1546 1137 iu

91 1168 209 1217 πάζω
239 1185 318 1227 pro
348 1168 467 1210 παύω
498 1168 588 1210 vid.
620 1168 750 1222 §.35‚
776 1169 816 1209 1.
879 1166 1083 1208 Ceterum
1114 1167 1403 1215 conFerantur,
1437 1180 1546 1223 quae

93 1237 405 1295 disputavimus
435 1237 476 1290 ξ.
511 1237 590 1290 11,
620 1237 648 1278 2
680 1243 722 1277 et
751 1235 792 1288 ἕ.
827 1235 905 1285 19,
937 1235 978 1276 6.

208 1324 230 1346 κ
245 1306 358 1355 slim,
394 1304 582 1362 Lysistr.
604 1304 713 1346 1299
736 1305 884 1358 Meuia,
907 1302 1068 1344 rectius
1091 1302 1222 1342 κλέωα
1244 1300 1274 1341 i.
1293 1316 1330 1342 e.
1356 1299 1545 1341 κλέουσα.

206 1373 429 1424 (κλύω),
474 1373 594 1414 Perf.
637 1372 835 1429 imperat.
880 1371 1045 1412 κε’κλυκε
1086 1369 1200 1428 apud
1238 1369 1546 1428 Epieharmum

91 1440 181 1483 vid.
214 1437 254 1498 ἓ.
287 1443 339 1484 41
381 1448 470 1482 not.
506 1441 546 1482 1.

207 1511 315 1549 κοῶ
345 1509 504 1567 Epich.
540 1509 593 1551 19
623 1506 709 1548 vid.
743 1507 784 1560 ξ.
817 1506 894 1560 10,
927 1507 968 1550 8.

206 1578 484 1633 κρέμαμαι.
554 1576 689 1633 Apud
731 1575 1037 1617 Archimedem
1084 1575 1136 1617 de
1180 1573 1344 1628 Quadr.
1391 1572 1547 1614 Parab.

33 1655 37 1688 j
94 1660 138 1701 p.
169 1643 226 1686 20
266 1661 389 1702 seqq.
435 1660 562 1702 saepe
601 1643 781 1701 repetita
810 1643 1019 1700 leguntur
1048 1642 1297 1695 κρεμάμενος
1327 1648 1369 1682 et
1397 1640 1550 1696 κρεμά-

98 1717 218 1766 σθω,
248 1727 326 1768 pro
355 1713 437 1754 hoc
467 1711 582 1753 haud
612 1724 708 1753 raro
739 1712 976 1768 perfeetum
1008 1711 1280 1764 κεκρεμάσθω
1306 1709 1434 1750 modo
1455 1708 1550 1750 sine

94 1779 304 1821 librorum
345 1779 547 1821 dissensu
585 1787 806 1837 receptum
849 1787 914 1820 est
953 1779 1081 1821 modo
1120 1778 1165 1819 in
1204 1778 1319 1819 varia
1361 1777 1550 1818 lectione

38 1859 39 1906 }
96 1854 329 1888 enotatum.
391 1847 451 1888 At
491 1864 623 1906 quum
662 1846 912 1901 κρεμάμενος·
942 1847 986 1888 in
1021 1847 1261 1904 perfectum
1293 1845 1449 1887 mutari
1477 1861 1549 1888 ne·

38 1946 40 1950 ,
96 1922 250 1972 queat,
295 1914 521 1969 κρεμάσθω
552 1915 698 1957 verius
728 1915 899 1957 videtur
929 1931 1057 1972 quam
1088 1913 1377 1970 neupepw'cffffw.

210 1996 394 2048 κρίνω,
427 1994 536 2036 Aor.
571 1995 591 2035 I
622 2011 666 2052 p.
701 1995 877 2050 ἐκρίθην
909 1994 1065 2052 Epich.

209 2072 474 2127 λαγχάνω,
505 2073 612 2116 Αοι·.
646 2073 705 2115 Π.
740 2073 897 2129 ἔλαχον.

209 2151 480 2204 λαμβάνω,
513 2152 664 2194 Futur.
697 2155 909 2205 λαψοῦμαι
940 2152 1097 2210 Epieh.
1133 2153 1210 2207 19,
1243 2153 1352 2196 Aor.
1386 2151 1548 2204 ἔλαβον,

97 2218 217 2260 PerI'.
252 2220 396 2273 εἴλαφα
426 2219 562 2260 Phoc.
597 2219 652 2261 73
680 2227 721 2261 et
750 2219 945 2261 Archim.
967 2251 979 2273 ,
1012 2221 1319 2274 μεταλελάβηκα
1349 2219 1546 2261 Archim.

39 2311 44 2340 2
98 2286 236 2328 Aren.
276 2303 320 2344 p.
355 2287 462 2335 331,
507 2286 624 2327 Perf.
659 2286 784 2343 Subj.
818 2288 1004 2341 εἴλαμμαι
1034 2296 1075 2330 et
1105 2290 1301 2342 λέλειμμαι
1330 2287 1548 2341 Αι·οΙιίιιι.,

0 2345 7 2373 Ἰ·
38 2346 45 2423 Ξ
98 2354 206 2396 Aor.
242 2355 262 2396 I
290 2370 333 2411 p.
364 2353 566 2405 ἕλάφθην.

211 2432 360 2485 λέγω,
392 2432 500 2474 Aor.
534 2432 594 2473 II.
627 2448 670 2490 p.
705 2434 882 2487 ὁιελέγην
915 2433 1049 2476 Crctt.
1081 2434 1170 2477 vid.
1206 2436 1243 2487 ξ.
1277 2434 1330 2476 39
1350 2463 1362 2486 ,
1394 2433 1436 2474 6.

211 2513 305 2564 λῶ,
343 2511 490 2565 volo,
537 2511 760 2568 antiquum
788 2513 966 2555 verbum
996 2530 1020 2555 a
1050 2511 1341 2554 Doriensibus
1371 2510 1547 2570 potissi-

3 2596 12 2611 Ἀ
101 2593 215 2620 mum
247 2587 478 2633 servatum,
511 2579 638 2634 cujus
668 2579 747 2620 hae
774 2580 936 2623 formae
966 2581 1266 2639 reperiuntur:

298 2657 448 2699 Pracs.
481 2657 665 2698 Iudicat.

211 2725 324 2780 sing.
363 2726 402 2767 1.
435 2727 493 2766 λῶ
521 2725 708 2782 Lysistr.
739 2725 848 2780 981,
879 2727 937 2768 cs.
970 2725 1164 2783 Hesych.
1199 2729 1283 2776 λῶ,
1316 2726 1438 2769 θέλω.
