1779 3079
414 208 456 267 §.
485 208 563 257 49.
635 209 710 255 De
744 206 989 255 severiore
1027 205 1224 255 Doride.
1447 207 1546 258 419

100 340 278 384 ultimae
307 356 405 384 cum
436 340 719 384 Cretensibus
750 348 792 382 et
819 340 918 382 aliis
948 340 1261 399 probaverunt,
1309 348 1356 383 ut
1396 345 1544 391 ἵππως,

100 408 178 459 ἧς,
210 412 356 462 μῶσα,
398 410 521 464 φέρεν
560 409 648 453 vid.
681 408 723 462 ξ.
754 407 811 451 20
838 415 879 450 et
907 408 948 461 ξ.
980 409 1058 457 21,
1089 409 1131 450 6.
1174 433 1228 440 —
1284 408 1474 452 Vocalcs
1505 426 1546 452 εο

101 484 144 519 et
175 493 227 517 εω
256 478 511 537 plerumque
540 477 760 520 Laconico
789 491 908 517 more
937 476 982 517 in
1015 494 1053 517 ιο
1085 484 1127 518 et
1156 494 1206 518 ιω
1244 484 1463 520 mutantur
1502 486 1549 521 ut

101 545 475 599 κλαυμαριόμενος,
517 544 811 599 μετριώμενος,
859 542 1048 593 ἀδικίων,
1094 544 1170 587 sed
1199 545 1245 587 in
1275 545 1433 588 futuris
1462 546 1548 604 pri-

99 613 183 655 mis
214 615 525 656 nonnullorum
558 611 831 654 Cretensium
873 627 990 653 more
1021 627 1037 652 ε
1068 613 1138 654 vel
1169 630 1183 653 ι
1223 621 1320 656 ante
1360 629 1549 672 sequens

100 698 167 721 ουτ
198 682 374 737 ejicitur
403 688 451 722 ut
478 679 764 733 ὂοκιμαξόντι,
797 678 988 721 ἐσσόνται
1018 678 1105 721 vid.
1139 680 1181 733 ξ.
1204 680 1284 731 26,
1315 682 1357 723 2.
1419 682 1549 724 Simi-

96 748 198 790 liter
227 749 387 806 duplex
417 748 726 791 contractionis
763 747 875 789 ratio
914 753 1131 806 spectatur
1169 747 1214 788 in
1245 751 1550 805 pronominum

94 816 393 873 personalium
427 817 620 874 genitivo
652 815 889 873 singulari,
937 815 1064 870 cujus
1096 815 1360 865 Tarentinae
1390 818 1550 860 formae

94 882 324 925 traduntur
353 885 456 936 ἐμίο,
489 887 603 938 ἐμίω,
642 885 779 937 ἐμίως,
812 885 917 936 ἐμοῖς
947 886 1019 935 (ex
1041 884 1131 937 ἐμέο
1154 891 1196 926 et
1217 885 1350 938 ἑμὲος)
1381 892 1463 926 etc.
1496 912 1550 917 —

93 950 132 992 Ε
166 951 274 993 solis
304 952 466 995 tabulis
499 952 867 996 Heracleensibus
899 951 1072 1009 cognita
1114 961 1179 994 est
1208 951 1340 994 dativi
1369 952 1550 1009 pluralis

95 1017 141 1060 in
183 1019 311 1062 tertia
360 1020 650 1063 declinatione
693 1019 938 1062 terminatio
986 1036 1085 1060 ασσι
1127 1027 1175 1061 ut
1219 1019 1548 1073 πρασσόντασσι,

92 1102 236 1145 neque
267 1087 375 1130 alibi
403 1088 620 1147 reperitur
648 1087 855 1130 infinitivi
884 1087 1070 1145 perfecti
1098 1086 1346 1129 terminatio
1377 1104 1476 1141 ημεν
1506 1094 1555 1128 ut

92 1158 411 1209 πεφυτευκῆμεν.
485 1156 537 1198 In
567 1155 725 1198 iisdem
758 1155 938 1213 spiritus
972 1164 1013 1196 et
1045 1155 1252 1211 dig-ammi
1280 1155 1390 1197 ratio
1419 1155 1552 1197 multa

94 1221 336 1281 singularia
364 1224 515 1278 habet,
547 1238 793 1282 quanquam
825 1238 912 1264 non
945 1222 1047 1264 lieet
1076 1223 1308 1276 affirmare,
1340 1231 1553 1283 quatenus

97 1305 196 1332 cum
235 1292 504 1351 reliquorum
534 1290 819 1334 Doriensium
861 1305 942 1331 usu
985 1289 1223 1332 differatur.
1265 1317 1320 1323 —-
1377 1290 1553 1333 Tertiae

93 1359 251 1416 plurali
280 1360 634 1418 imperativorum
679 1358 874 1416 vulgaris
915 1358 1160 1400 terminatio
1199 1357 1362 1400 Dorica
1404 1366 1470 1400 est
1506 1365 1555 1399 ut

96 1424 372 1482 ἇγγραψάντω
414 1436 456 1470 et
497 1427 732 1469 ἐπελάσθω.
774 1450 827 1456 --
886 1425 1138 1468 Tarentinis
1168 1425 1374 1467 tribuitur
1402 1426 1554 1467 verbo·

93 1510 189 1535 rum
219 1496 464 1538 terminatio
495 1499 550 1545 ξω
581 1496 627 1537 in
660 1511 749 1537 σσω
780 1501 938 1536 mutata
976 1501 1023 1535 ut
1057 1495 1271 1535 σαλπίσσω
1311 1495 1459 1552 (quam
1488 1509 1553 1534 ra-

92 1561 255 1605 tionem
293 1564 466 1607 tabulae
497 1564 813 1606 Heracleenses
851 1562 1071 1620 ignorant)
1111 1561 1267 1615 §.12‚
1300 1563 1352 1615 5,
1396 1568 1438 1602 ct
1476 1561 1554 1603 mi-

92 1645 224 1682 nore,
257 1631 296 1673 si
326 1640 442 1675 recte
472 1632 681 1690 suspicati
713 1646 889 1684 sumus,
918 1630 1018 1686 jure
1048 1633 1103 1678 ζω
1127 1645 1204 1687 pro
1229 1646 1317 1670 σσω
1347 1636 1395 1670 ut
1418 1628 1554 1676 ἀνάξω

91 1698 133 1749 ξ.
169 1699 247 1749 13,
291 1700 333 1742 3.
411 1700 574 1742 Iisdem
613 1699 861 1740 vindicatur
902 1697 1142 1756 singularis
1183 1696 1378 1739 adverbii
1419 1697 1556 1737 forma

96 1762 195 1816 αι’ἠ,
243 1783 377 1822 quum
414 1767 460 1809 in
499 1767 662 1810 tabulis
702 1766 1073 1809 Heracleensibus
1114 1765 1248 1822 vulgo
1288 1763 1374 1815 ἀεί,
1420 1763 1554 1807 semel

95 1829 165 1879 ἆές
193 1831 379 1890 legatur.

206 1968 258 2009 In
300 1967 552 2010 universum
592 1967 813 2026 antiquam
852 1967 1047 2026 ling-uam
1087 1966 1222 2009 multa
1258 1981 1356 2008 cum
1386 1966 1472 2008 fide
1501 1965 1555 2008 ab

94 2034 282 2077 Italiotis
323 2044 532 2078 servatam
573 2052 698 2090 esse,
753 2036 911 2077 docent
948 2044 992 2077 et
1029 2035 1200 2077 tabulae
1239 2034 1556 2077 Heracleenses

99 2111 283 2145 exeunte
314 2105 488 2146 saeculo
518 2112 671 2162 quarto
713 2104 898 2162 scriptae
938 2110 981 2145 et
1018 2119 1155 2162 pauca
1183 2103 1260 2144 illa
1291 2118 1313 2144 e
1344 2101 1556 2144 Rhintho-

95 2171 192 2224 nis7
224 2171 302 2228 qui
331 2172 445 2214 circa
464 2188 502 2214 a.
527 2173 609 2216 300
630 2172 764 2226 vixit,
796 2180 840 2214 et
860 2172 1038 2225 Blaesi,
1071 2171 1146 2229 qui
1177 2171 1313 2213 multo
1342 2169 1559 2212 recentior

95 2255 191 2282 esse
219 2238 417 2294 videtur,
449 2239 613 2282 fabulis
645 2240 911 2299 superstitia.

208 2369 254 2418 4)
314 2367 626 2413 Cretenses
666 2372 866 2431 plerique
906 2373 1021 2414 circa
1060 2370 1280 2413 saeculum
1310 2368 1484 2410 tertium
1515 2375 1558 2409 et

99 2435 338 2478 secundum
378 2452 415 2478 a.
452 2436 558 2478 Chr.
602 2439 816 2482 severiore
846 2438 1013 2482 Doride
1051 2437 1121 2479 usi
1159 2444 1286 2491 sunt3
1336 2435 1374 2478 si
1415 2435 1555 2476 titulis

97 2503 437 2559 Tejo-Cretieis
467 2505 566 2562 plus
595 2506 697 2548 fidei
726 2508 884 2550 habere
915 2506 1089 2560 liceret,
1122 2504 1167 2546 in
1193 2503 1379 2546 decretis
1403 2503 1555 2560 Polyr-

97 2571 375 2627 rheniorum,
422 2573 725 2631 Lappaeorum
764 2583 806 2617 et
835 2573 1138 2617 Priansiorum
1167 2588 1235 2613 nr.
1269 2571 1395 2615 3054.
1429 2571 1553 2613 3055.

99 2639 236 2693 3057,
268 2655 452 2697 quorum
484 2641 576 2683 sola
605 2641 728 2684 initia
756 2643 912 2686 tradita
942 2648 1067 2695 sunt,
1098 2639 1250 2682 mitius
1268 2638 1450 2682 Doridis
1481 2654 1558 2696 ge-

101 2720 184 2746 1¹1¹S
213 2708 392 2762 agnosci
422 2716 653 2766 oporteret.
715 2709 917 2753 Ceterum
949 2725 1021 2751 eas
1046 2708 1164 2766 ipsas
1186 2707 1345 2762 urbes,
1377 2719 1554 2762 quarum

1210 2790 1291 2832 27*
