1779 3079
103 211 142 271 §.
161 213 240 262 50.
273 212 347 259 De
361 209 561 258 Doridis
582 223 816 274 generum
840 215 886 253 et
912 202 1185 268 specierum
1211 200 1410 266 origine.
1449 200 1542 250 431

104 353 205 390 runt
229 345 318 389 vid.
341 344 518 388 Miiller.
546 344 656 385 Dor.
690 341 710 383 I
742 358 786 399 p.
807 340 889 382 174
918 346 961 382 et
990 338 1105 397 quod
1134 353 1212 396 per
1240 336 1417 395 aliquod
1446 344 1550 378 tem-

103 431 189 474 pus
220 413 361 466 servi,
406 412 681 454 Achaeorum
718 406 907 467 posteri,
950 422 1119 449 omnem
1149 406 1457 464 rempublicam
1490 411 1552 446 te—

105 482 267 525 nebant
294 481 381 523 vid.
416 481 523 522 ibid.
557 479 599 520 lI
639 494 683 536 p.
718 475 795 531 553
841 475 950 516 adde
979 474 1095 532 quod
1123 473 1282 532 Argivi
1313 473 1552 516 communis

106 549 525 608 Peloponnesiorum
553 545 742 588 foederis
771 550 966 603 expertes
996 558 1019 584 a
1048 541 1317 600 reliquorum
1348 557 1553 583 commer-

106 618 175 661 cio
206 617 493 674 sejunctiores
523 621 658 657 erant.

218 748 488 791 Difficillima
532 746 729 805 quaestio
782 752 847 787 est
897 744 949 786 de
1000 742 1241 800 antiquiore
1285 742 1556 801 Delphorum

108 819 315 871 dialecto,
351 831 461 874 quae
489 830 585 857 cum
616 814 784 873 reliqua
808 812 974 855 Doride
1006 811 1335 870 septentrionali
1365 812 1417 853 ab
1448 811 1556 869 ipsis

106 885 295 943 Delphis
334 883 573 926 recentiore
613 891 804 940 tempore
842 882 1038 940 adoptata
1078 880 1244 922 duabus
1282 880 1558 938 potissimum

106 953 239 996 rebus
281 953 452 1005 differt,
497 951 683 1009 primum
729 949 991 1008 syllabarum
1036 948 1229 990 finalium
1268 948 1558 1006 correptione,

109 1021 268 1064 deinde
318 1020 468 1062 tertiae
517 1019 697 1077 pluralis
743 1018 1093 1076 imperativorum
1141 1017 1445 1060 terminatione
1489 1034 1558 1057 ων.

109 1089 280 1144 Quodsi
299 1096 529 1146 utrumque
550 1087 834 1130 Cretensibus
866 1101 1091 1127 commune
1121 1084 1262 1126 fuisse
1292 1084 1560 1137 memineris,

108 1158 236 1200 facile
266 1173 320 1198 eo
352 1156 594 1205 delaberis,
640 1163 686 1195 ut
713 1170 808 1196 cum
838 1153 1026 1196 Miillcro
1057 1153 1165 1195 Dor.
1199 1153 1218 1194 Ι
1257 1168 1298 1209 p.
1331 1152 1442 1206 210,
1484 1151 1560 1209 qui

111 1226 202 1268 sola
253 1224 403 1281 hymni
454 1224 499 1264 in
551 1222 806 1280 Apollinem
853 1221 1059 1278 Pythium
1103 1221 1347 1263 narratione
1390 1220 1560 1273 nititur,

112 1292 326 1335 Creticam
357 1291 570 1334 coloniam
601 1289 799 1347 Delphos
828 1288 1081 1346 pervenisse
1113 1289 1280 1331 credas.
1352 1289 1413 1330 At
1454 1288 1561 1329 anti-

111 1360 335 1418 quissimis
366 1360 413 1402 id
444 1357 710 1417 temporibus
741 1358 877 1400 multo
907 1365 1004 1399 ante
1035 1357 1334 1414 migrationem
1356 1356 1562 1398 Doricam

110 1431 271 1471 factum
314 1427 560 1470 existimare
601 1433 841 1484 oporterct3
893 1432 1072 1483 utraque
1111 1441 1212 1467 vcro
1255 1424 1427 1466 dialecti
1466 1440 1562 1481 pro-

110 1497 272 1555 prietas
302 1496 396 1552 ejus
430 1495 601 1553 generis
633 1502 722 1546 est,
762 1502 809 1535 ut
839 1509 925 1535 non
957 1510 979 1535 c
1012 1509 1176 1535 summa
1206 1493 1461 1551 antiquitate
1494 1509 1563 1535 su-

110 1572 278 1623 perstes
308 1563 446 1607 videri
478 1563 627 1621 possit.
689 1562 916 1603 Praeterea
947 1569 1127 1619 utraque
1159 1577 1244 1603 non
1276 1562 1420 1602 minus
1448 1561 1563 1602 The-

110 1633 224 1674 raeis
261 1632 502 1674 communis
539 1640 628 1683 est,
675 1630 835 1688 quibus
876 1629 1102 1672 arctiorem
1142 1645 1237 1670 cum
1279 1628 1564 1670 Cretensibus

113 1707 155 1742 et
183 1699 369 1757 Delphis
408 1699 708 1755 cognationem
751 1699 870 1740 nullo
910 1697 1037 1739 titulo
1083 1697 1302 1740 vindicare
1342 1697 1468 1750 licet,
1518 1703 1565 1736 ut

113 1769 359 1811 omittamus
398 1783 473 1809 eos
510 1766 721 1825 populos,
768 1766 845 1823 qui
884 1766 1088 1807 alterutra
1127 1765 1195 1806 usi
1237 1771 1351 1806 sunt.
1412 1764 1565 1822 Itaque

112 1836 239 1878 illum
267 1835 445 1891 linguae
475 1841 730 1876 concentum
762 1849 864 1875 casu
895 1841 1041 1875 natum
1083 1832 1303 1886 arbitrati,
1348 1832 1564 1890 quomodo

113 1904 274 1945 factum
314 1903 396 1955 sit,
442 1911 490 1944 ut
528 1902 796 1960 antiquiorcs
824 1901 987 1959 Delphi
1025 1901 1149 1943 illum
1186 1901 1232 1942 in
1262 1900 1437 1943 modum
1466 1915 1565 1942 cum

110 1970 267 2017 vicinis
298 1970 619 2028 discreparent,
659 1970 859 2027 ignorare
889 1986 969 2012 nos
999 1970 1198 2012 fatemur.

224 2100 407 2143 Unicam
445 2102 536 2143 fere
577 2117 694 2155 rem,
757 2118 841 2158 qua
881 2101 1089 2143 insularis
1128 2099 1261 2142 Doris
1297 2100 1499 2142 universa
1540 2117 1563 2142 a

112 2168 282 2227 reliqua
322 2168 493 2210 mitiore
532 2169 697 2212 Doride
742 2169 1055 2225 distinguitur,
1100 2169 1313 2211 vocalium
1354 2185 1395 2210 εο
1436 2168 1481 2209 iu
1524 2185 1565 2208 ευ

113 2236 519 2294 conjungendarum
550 2253 735 2279 amorem
775 2253 797 2278 a
834 2237 992 2278 vicinis
1023 2237 1204 2279 Ionibus
1244 2244 1465 2293 acceptum
1505 2235 1562 2277 vi-

115 2305 207 2347 deri
252 2303 594 2361 significavimus
639 2304 795 2363 idque,
847 2305 885 2346 si
929 2321 1059 2363 supra
1100 2312 1214 2347 recte
1247 2304 1562 2359 judicavimus,

113 2371 229 2429 apud
271 2371 470 2413 Rhodios
510 2371 683 2429 quidem
720 2389 806 2414 non
844 2379 942 2414 ante
971 2372 1169 2431 quintum
1199 2372 1435 2413 saeculum.
1496 2372 1566 2412 In-

116 2439 258 2499 signis
298 2439 476 2498 linguae
515 2439 628 2481 inter
671 2440 867 2498 singulas
910 2440 1075 2482 insulas
1105 2439 1286 2482 varietas
1315 2439 1361 2480 iu
1392 2455 1442 2481 eo
1471 2439 1568 2496 ipso

116 2507 450 2566 explicationem
482 2506 634 2561 hahet,
681 2508 796 2565 quod
826 2508 998 2550 insulae
1028 2508 1279 2565 quotidiano
1310 2507 1567 2549 commercio

6 2558 14 2598 a*
55 2631 57 2648 ÷
116 2574 359 2632 prohibitae
391 2575 563 2617 facilius
592 2575 708 2617 leves
739 2575 950 2618 sermonis
982 2575 1247 2617 differentias
1279 2576 1349 2617 vel
1379 2575 1568 2633 gignunt

117 2643 188 2685 vel
225 2644 387 2685 fovent.
458 2642 706 2685 Rhodiacae
746 2644 919 2686 dialecti
956 2643 1220 2702 proprietas,
1269 2643 1482 2685 vocalium
1524 2659 1565 2685 εο

6 2758 8 2767 ‚
57 2724 58 2729 ¹
117 2711 411 2754 contractione
458 2717 665 2769 excepta,
725 2726 748 2753 a
801 2711 969 2755 colonis
1019 2710 1283 2754 Gelensibus
1331 2719 1373 2754 et
1413 2713 1567 2755 horum
