1779 3079
427 210 468 269 §.
508 212 589 259 29.
660 212 733 258 De
770 210 1084 258 declinatione
1120 211 1178 258 ΙΙ.
1426 212 1525 259 227

76 345 128 388 de
169 353 347 388 accentu
385 346 427 400 ξ.
461 347 517 400 3,
551 347 591 388 5.
653 347 879 388 Postremo
908 362 1006 404 pars
1038 347 1314 390 Cretensium
1343 355 1384 389 et
1413 348 1522 389 anti-

14 431 15 434 *
75 414 273 472 quiores,
307 424 353 456 ut
376 414 571 468 videtur,
601 413 756 470 Argivi
787 413 983 469 ejusdem
1014 415 1350 458 vetustissimam
1380 416 1523 458 termi-

74 481 289 524 nationem
338 500 405 531 ους
445 482 735 534 retinuerant,
796 481 885 522 vid.
927 481 969 534 ξ.
1003 482 1082 535 14,
1126 484 1164 525 1.
1251 484 1402 541 Itaque
1441 484 1522 526 hoc

73 549 346 607 paradigma,
400 550 514 591 unde
553 557 803 591 neutrorum
845 565 1018 607 quoque
1058 550 1266 593 rationem
1299 551 1426 594 facile
1456 551 1521 593 in-

73 617 270 674 telliges,
303 617 503 659 Doricam
537 617 869 660 declinationem
899 617 1055 658 refert:

261 740 602 798 Singularis,
1017 741 1290 783 plui-alis.

72 817 198 860 Nom.
241 824 362 867 ἵππος
799 825 914 860 ὶήποι

72 885 184 927 Gen.
243 891 391 936 ἵππου,
426 893 533 928 ἵππω
798 893 929 927 ἵππων

72 954 170 995 Dat.
240 959 345 1006 ἵππῳ
799 959 938 1002 ἵπποις

71 1021 177 1063 Ace.
241 1026 360 1063 ἵππον
797 1026 968 1069 ἵππους,
1003 1027 1134 1068 ἵπποις
1150 1055 1158 1068 ,
1195 1026 1340 1070 ἵππος,
1378 1026 1523 1069 ἵππον,Ι

72 1089 180 1130 Voc.
239 1095 330 1130 ἵππε
802 1115 851 1120 *—

181 1226 225 1276 2)
287 1225 427 1266 Pauca
468 1233 684 1282 praeterea
723 1223 966 1266 adnotanda
1004 1232 1118 1266 sunt.
1184 1225 1233 1265 In
1264 1224 1405 1266 dativo
1437 1223 1521 1265 sin·

73 1292 213 1349 gulari
245 1309 463 1351 nunquam
494 1292 578 1333 iota
612 1292 902 1349 subscriptum
935 1293 1175 1350 negligitur
1216 1291 1302 1334 nisi
1343 1308 1420 1350 per
1457 1307 1524 1332 cr—

69 1376 235 1413 rorem,
285 1370 331 1401 ut
361 1360 497 1402 Ther.
530 1361 655 1403 2448.
702 1360 761 1412 V,
793 1361 874 1413 30,
919 1367 992 1402 aut
1031 1360 1076 1401 in
1111 1359 1248 1402 titulis
1277 1360 1523 1402 recentissi-

71 1428 166 1469 mis.
230 1428 280 1469 In
317 1429 488 1470 Cretico
519 1428 645 1471 titulo
675 1444 741 1469 nr.
765 1428 894 1481 2556,
925 1427 966 1469 3.
999 1428 1053 1470 39
1081 1443 1156 1485 pro
1188 1427 1329 1469 dativo
1363 1428 1525 1485 leg-itur

70 1496 271 1554 antiquus
302 1497 513 1538 locativus
546 1497 585 1537 ἐν
620 1498 848 1551 Πριαινσιοῐ
876 1513 898 1537 a
932 1495 1166 1550 Πριανσιός
1196 1503 1242 1536 ut
1274 1497 1405 1546 οἴκοι,
1440 1495 1525 1536 Ἰσ-

68 1565 173 1616 θμοῖ
200 1564 251 1605 al)
284 1563 397 1612 οἶκος
427 1573 469 1606 et
496 1564 696 1615 Ἰσθμός,
729 1564 805 1604 sed
835 1563 904 1605 hic
934 1563 1254 1605 memorabilem
1284 1563 1327 1604 in
1353 1564 1524 1605 modum

68 1632 194 1673 etiam
227 1648 321 1672 cum
364 1633 682 1688 praepositione
720 1631 918 1685 junctus.
995 1631 1160 1673 Confer
1190 1633 1230 1671 ἐν
1258 1629 1428 1683 Ἰσθμοῖ
1457 1631 1524 1672 Si-

69 1699 232 1741 monid.
267 1700 321 1740 l'r.
343 1700 426 1742 209
451 1700 583 1741 Schn.
603 1730 614 1751 ,
648 1699 763 1757 quod
792 1698 1038 1740 Meinchius
1072 1698 1116 1739 in
1147 1699 1316 1740 Delect.
1341 1699 1522 1740 Anthol.

70 1783 115 1824 p.
153 1767 231 1810 189
263 1783 348 1808 non
380 1767 563 1808 debehat
593 1767 635 1807 in
671 1768 709 1807 ἐν
739 1766 897 1818 Ἰσθμῷ
926 1773 1104 1807 mutare.
1145 1794 1196 1799 --
1255 1766 1403 1808 Dativi
1430 1766 1525 1824 plu·

70 1834 172 1876 ralis
202 1835 376 1891 longior
408 1835 541 1875 forma
585 1850 711 1892 saepe
751 1835 865 1892 apud
897 1834 1201 1890 Epicharmum
1242 1834 1430 1890 legitur,
1479 1840 1527 1874 ut

70 1903 122 1943 fr.
156 1903 211 1944 24
238 1904 473 1956 yavZoTow,
519 1901 573 1943 35
603 1901 810 1952 τούτοισι,
856 1903 908 1944 71
941 1901 1204 1956 )Αχαιόισιν,
1236 1902 1291 1944 97
1323 1901 1524 1954 αὐτοῖσιν,

67 1970 122 2012 98
162 1970 343 2024 λόγοισι,
393 1970 494 2011 item
537 1969 721 2028 Lysistr.
767 1970 875 2012 ’1180
913 1971 1022 2011 τοῖσι
1054 1993 1101 1999 -
1140 1970 1297 2020 ἁμοῖσι.
1372 1969 1525 2026 Itaque

69 2037 355 2094 antiquiorem
376 2038 586 2079 Doridem
608 2053 694 2079 non
720 2037 862 2078 minus
884 2054 1011 2095 quam
1034 2037 1258 2078 Atthidem
1286 2037 1524 2094 pleniorem

71 2105 247 2146 formam
279 2106 509 2147 admisisse
540 2113 769 2162 putamus,
818 2121 958 2162 neque
999 2105 1112 2146 enim
1146 2104 1430 2162 Epicharmus
1473 2120 1524 2145 ex

70 2172 188 2229 epica
220 2172 369 2228 lingua
401 2174 634 2232 quidquam
666 2173 955 2230 assumpsisse
986 2173 1169 2214 videtur.

180 2240 351 2292 Attica,
394 2257 501 2297 quae
544 2249 740 2295 vocatur,
791 2241 1024 2284 declinatio
1063 2239 1109 2280 in
1142 2238 1423 2281 substantivis
1453 2253 1523 2294 ap-

68 2306 288 2364 pellativis
319 2315 360 2349 et
390 2308 434 2349 in
467 2308 691 2363 adjectivis
723 2325 745 2349 a
777 2308 941 2350 Doride
972 2308 1113 2349 aliena
1144 2315 1224 2349 est.
1300 2306 1421 2359 Quae
1451 2321 1522 2346 vo-

69 2389 140 2415 ces
172 2390 262 2415 eam
295 2375 417 2433 sequi
449 2376 612 2428 solent,
654 2377 767 2432 apud
799 2376 1038 2417 Dorienses
1070 2375 1363 2432 reliquorum,
1412 2387 1522 2429 quae

70 2442 281 2483 secundae
330 2442 610 2483 declinationi
656 2443 975 2500 obtemperant,
1037 2442 1361 2484 terminationes
1404 2439 1522 2479 exhi-

66 2508 192 2559 bent,
254 2516 326 2550 aut
365 2510 461 2551 aliis
509 2510 638 2552 simul
684 2510 813 2552 rebus
859 2511 1078 2562 diversae,
1136 2517 1182 2549 ut
1224 2507 1344 2557 λαός,
1408 2506 1519 2553 ναός,

71 2568 268 2630 ἀνώγαιοὶν
299 2593 377 2633 pro
408 2577 530 2627 λεώς,
566 2577 689 2626 νεώς,
724 2576 908 2630 ἀνώγεων
938 2577 1044 2628 (vid.
1066 2577 1105 2629 ξ.
1126 2578 1199 2627 22,
1225 2577 1294 2627 5),
1329 2582 1401 2615 aut
1432 2575 1523 2615 sola

70 2644 395 2697 terminatione,
441 2653 488 2685 ut
520 2645 640 2697 λαγός
669 2645 713 2684 iu
747 2645 979 2685 Helotilms
1020 2643 1155 2698 (inter
1185 2642 1401 2683 Laconica
1433 2642 1522 2698 opi-

71 2713 166 2762 nor)
211 2713 444 2753 seeundum
486 2712 647 2753 Athen.
682 2712 771 2764 IX,
802 2713 900 2755 4ss0.
937 2712 999 2764 C,
1041 2711 1156 2763 λαγοί
1187 2709 1343 2767 Epich.
1378 2708 1432 2750 36
1471 2709 1521 2749 ab

71 2778 216 2820 Attico
264 2780 420 2833 λαγώς,
483 2779 729 2833 γλυκύκρεον
768 2779 924 2836 Sophr.
969 2779 1054 2830 54,
1116 2776 1347 2831 ἀξιοχρέοις
1390 2776 1520 2817 Ther.

1183 2863 1256 2903 15*
