1779 3079
237 190 338 241 414
557 192 598 252 §.
640 193 719 243 49.
791 196 866 243 De
905 196 1149 245 severiore
1184 198 1381 247 Doride.

885 330 928 386 g.
965 332 1035 375 49.

673 439 753 472 De
777 440 1027 471 severiore
1052 440 1259 473 Doride.

350 538 392 590 1)
454 536 684 579 Severiore
715 536 895 580 Doridis
927 555 1084 597 genere
1114 538 1314 581 Lacones
1347 539 1416 581 usi
1448 548 1577 595 sunt,
1609 541 1691 585 Ita-

237 604 368 649 liotae
393 605 547 647 Dorici
579 605 653 657 (de
674 605 924 648 Tarentinis
955 607 1227 664 potissimum
1259 615 1428 650 constat
1457 625 1693 668 eorumque

234 674 404 716 colonis
435 673 851 728 Heracleensibus),
900 674 1162 728 Cretenses,
1208 674 1437 733 Cyrenaei.
1511 677 1578 719 Eo
1608 693 1693 719 ma-

234 742 350 784 xime
382 741 694 799 distinguitur,
745 742 862 800 quod
902 757 977 798 pro
1011 743 1295 800 diphthongis
1327 759 1357 784 ει
1393 752 1434 786 et
1466 761 1539 795 ου,
1586 761 1694 802 quas

234 811 382 853 mitior
411 809 546 851 Doris
577 826 673 851 eum
695 809 795 850 Iade
827 818 868 851 et
886 810 1067 851 Atthide
1097 825 1347 853 comumnes
1378 811 1534 853 hahere
1566 813 1693 866 solet,

233 895 362 937 saepe
394 878 633 920 secundum
665 884 804 918 certas
834 877 1040 934 quasdam
1082 878 1227 935 leges,
1274 878 1326 919 de
1366 879 1526 936 quibus
1566 896 1694 938 expo-

234 948 402 989 suimus
433 946 474 999 §.
508 945 564 987 20
596 953 638 986 ct
667 944 750 997 25,
796 944 953 1003 longas
993 945 1166 988 vocales
1209 964 1230 995 η
1264 954 1306 987 et
1337 964 1367 986 ω
1407 948 1600 1004 profert,
1648 954 1696 989 ut

234 1021 341 1056 ἵππω
385 1029 463 1071 pro
494 1017 642 1063 ἵππου,
687 1015 787 1065 ἦμεν
827 1028 906 1070 pro
947 1011 1052 1066 εἶμεν
1089 1012 1119 1054 ἰ.
1154 1029 1192 1054 e.
1237 1013 1353 1056 εἶναι.
1428 1015 1525 1068 Qua
1566 1015 1611 1056 in
1647 1014 1696 1057 re

234 1082 428 1125 severior
457 1080 592 1123 Doris
625 1080 847 1139 conspirat
876 1097 975 1123 eum
1006 1081 1204 1123 dialectis
1234 1082 1456 1124 Arcadum
1494 1090 1560 1136 ct,
1607 1082 1696 1125 nisi

233 1151 386 1210 opinio
430 1166 512 1192 nos
554 1149 744 1203 fefellit,
790 1149 1024 1204 Eleorum,
1074 1149 1232 1191 deinde
1270 1149 1555 1203 Lesbiorum,
1607 1150 1695 1192 nisi

235 1235 371 1278 quum
402 1217 666 1276 liquidarum
699 1216 1034 1275 geminationem
1075 1217 1162 1259 sibi
1202 1217 1416 1275 propriam
1456 1218 1614 1260 habent
1649 1225 1698 1260 ut

236 1287 430 1341 ἔμμεναι,
466 1293 686 1344 postremo
715 1285 1006 1335 Boeotorum,
1039 1293 1336 1344 praeterquam
1371 1286 1487 1344 quod
1516 1304 1567 1336 η,
1600 1286 1696 1343 ubi·

231 1371 404 1413 cunque
435 1363 502 1397 cst
532 1355 577 1396 in
611 1356 826 1397 severiore
856 1353 1052 1407 Doride,
1099 1354 1144 1395 in
1187 1369 1221 1394 ει
1252 1361 1467 1395 mutantes
1499 1354 1695 1412 vulgariS

230 1423 412 1467 Doridis
442 1423 780 1465 similitudinem
824 1429 1084 1480 receperunt
1123 1429 1170 1463 ut
1207 1421 1251 1462 in
1295 1420 1415 1473 εἶμεν.
1460 1448 1515 1454 —
1573 1422 1695 1476 Alia,

231 1492 455 1551 quaejam
490 1492 868 1545 enumerabimus,
901 1489 1181 1542 Laconibus,
1221 1489 1436 1543 Italiotis,
1476 1489 1695 1532 Cretensi-

228 1560 313 1602 bus
345 1559 590 1601 eommunia
622 1559 759 1601 fuisse
792 1559 983 1612 seimus,
1017 1573 1149 1616 quum
1182 1557 1234 1599 de
1259 1557 1497 1615 Cyrenacis
1521 1565 1696 1616 propter

231 1627 418 1670 fontium
451 1628 675 1686 penuriam
707 1644 794 1669 non
841 1633 1026 1669 constet.
1103 1624 1301 1666 Primum
1343 1625 1558 1684 digamma
1597 1633 1696 1683 post

228 1696 410 1755 primam
434 1696 618 1738 Doridis
650 1704 830 1738 aetatem
860 1696 906 1736 in
931 1695 1026 1736 solo
1058 1693 1276 1735 severiore
1309 1709 1493 1752 genere,
1524 1693 1695 1735 turbato

228 1772 371 1807 tamen
412 1781 521 1813 usu,
570 1766 794 1823 aliquanto
838 1763 1001 1805 diutius
1042 1762 1205 1804 resedit
1234 1771 1275 1804 et
1305 1761 1471 1804 recenti
1501 1769 1695 1819 tempore

229 1832 276 1873 in
309 1838 335 1886 β
364 1841 571 1875 mutatum
604 1841 670 1875 est
709 1840 794 1874 tam
825 1832 870 1873 in
901 1830 1055 1889 primis
1086 1846 1215 1888 quam
1247 1830 1291 1871 in
1324 1829 1480 1872 mediis
1511 1829 1695 1870 vocabu·

227 1899 312 1954 lis,
355 1918 487 1957 quum
519 1901 703 1959 Argivi,
735 1899 1012 1957 Pamphylii,
1047 1898 1337 1956 Syracusani,
1382 1898 1456 1955 qui
1488 1905 1588 1938 sunt
1617 1896 1694 1938 mi·-

229 1967 352 2009 tioris
383 1969 594 2017 Doridis,
645 1969 689 2009 in
728 1967 887 2009 mediis
927 1974 1090 2008 tautum
1132 1966 1313 2007 vocibus
1356 1965 1487 2022 idque
1527 1980 1624 2006 raro
1667 1969 1695 2017 β

228 2052 307 2094 pro
338 2036 516 2093 antiquo
548 2037 762 2094 digamma
794 2035 1015 2092 accepisse
1044 2034 1273 2075 videantur
1302 2033 1390 2074 vid.
1426 2032 1466 2085 ξ.
1493 2032 1533 2086 5,
1563 2034 1606 2074 9.
1639 2055 1693 2061 -

229 2104 346 2146 Tum
377 2113 574 2146 notamus
616 2102 944 2145 assimilationis
986 2116 1172 2142 amorem
1218 2100 1460 2159 quendam,
1507 2106 1554 2139 ut
1585 2097 1690 2140 Lac.

229 2172 360 2226 ἀκκόρ
390 2188 468 2230 pro
500 2171 654 2222 ἀσκός,
701 2171 805 2212 Tar.
842 2170 1092 2224 ''Awyartog
1132 2185 1209 2227 pro
1242 2168 1523 2221 ''A‹J=(›a‹no;,
1569 2165 1687 2208 Cret.

228 2240 391 2289 Abuog
422 2256 499 2298 pro
530 2239 698 2287 Λύκτος
745 2238 834 2280 vid.
868 2238 1024 2291 5213,
1057 2238 1098 2279 4.
1144 2264 1198 2268 —-
1257 2235 1356 2278 Non
1396 2235 1540 2276 minus
1573 2249 1690 2275 seve·

229 2309 334 2350 riori
357 2308 515 2350 Doridi
546 2306 783 2367 peculiaris
815 2315 880 2348 est
912 2306 1126 2347 vocalium
1159 2321 1200 2346 60
1234 2304 1277 2345 in
1311 2322 1348 2345 ιο
1381 2311 1454 2344 aut
1487 2319 1535 2342 ιω
1565 2310 1639 2343 aut
1668 2318 1690 2343 ο

230 2385 303 2418 aut
334 2395 363 2416 ω
397 2384 439 2418 et
468 2377 685 2419 vocalium
717 2392 768 2416 εω
809 2375 854 2415 iu
895 2391 943 2414 ιω
984 2373 1189 2421 mutatio,
1239 2386 1483 2429 quanquam
1526 2369 1569 2410 in
1608 2371 1690 2411 hoe

231 2445 326 2503 ipso
356 2445 452 2486 loco
483 2444 749 2487 differentiae
779 2441 988 2500 quaedam
1024 2449 1271 2499 spectantur
1300 2440 1388 2482 vid.
1419 2442 1460 2492 ς’.
1484 2437 1554 2484 26,
1583 2438 1619 2478 l.
1643 2438 1685 2478 2.

229 2541 282 2547 —-
314 2513 537 2555 Postremo
569 2512 764 2554 omittere
794 2510 996 2552 nolumus
1030 2510 1212 2551 rariores
1245 2509 1403 2549 formas
1433 2507 1517 2553 ald,-
1548 2513 1588 2546 ct
1620 2504 1689 2553 α’ἔς

228 2597 306 2640 pro
339 2580 401 2621 ἀεί
429 2580 517 2622 vid.
551 2579 589 2635 ξ.
615 2582 687 2634 45,
716 2581 763 2629 1,
797 2586 839 2620 et
865 2586 1141 2632 augmentum
1175 2596 1197 2626 η
1231 2573 1560 2634 pronominibus
1592 2589 1690 2631 per·

229 2649 452 2692 sonalihus
483 2649 673 2690 additum
706 2656 752 2689 ut
783 2645 908 2700 ἐγών»)
942 2653 984 2686 et
1019 2646 1160 2697 igilur,
1193 2643 1310 2702 qnod
1333 2659 1466 2701 quum
1489 2641 1686 2683 Lacones

228 2726 269 2758 et
298 2717 525 2758 Tarentini
558 2732 788 2773 usurpasse
819 2714 1065 2758 tradantur,
1100 2712 1326 2754 universae
1358 2709 1560 2752 severiori
1593 2709 1686 2750 Do-

228 2785 311 2827 ridi
341 2784 559 2827 vindieare
589 2784 798 2826 audemus
827 2782 916 2824 vid.
951 2781 990 2834 ἓ.
1026 2782 1079 2822 32
1099 2812 1110 2833 ,
1144 2781 1181 2823 5.
