1779 3079
558 167 633 214 Ad
668 167 881 214 Librum
919 167 1155 215 Primum.
1463 169 1561 218 519

239 304 299 344 Pa
315 320 357 360 g.
393 303 469 345 181
502 303 591 344 Lss.
625 303 764 344 Multa
798 303 989 360 exempla
1020 310 1321 344 accesserunt:
1356 304 1557 344 Orehom.

129 387 195 412 nr.
217 371 270 413 37
299 371 431 412 Leak.
465 370 702 423 σούνδικος,
735 369 1013 423 Εὐρουᾳάωιι,
1045 370 1303 426 ,Οξούμαχος
1319 370 1558 418 Λοὺκωνος;

132 437 336 479 Orchom.
370 454 434 478 ur.
468 438 495 479 8
527 439 647 480 Curt.
683 437 973 485 Θιοκούδειος;
1009 437 1116 495 Cop.
1144 438 1239 479 Ulr.
1272 454 1314 495 p.
1338 438 1418 480 203
1450 437 1562 486 οὑιός

127 513 209 546 ete.
268 504 505 546 Memoratu
538 504 835 561 dignissimum
867 513 955 555 est,
993 505 1108 562 quod
1136 506 1318 547 subinde
1351 522 1413 546 ιου
1443 521 1519 562 pro
1541 522 1562 546 υ

128 579 170 612 et
199 571 408 629 seriptum
438 579 479 613 et
508 572 826 630 pronuntiatum
859 586 955 612 esse
987 571 1169 614 videtur.
1250 573 1437 615 Unicum
1469 572 1562 627 ejus

126 638 189 679 rei
220 640 460 696 exemplum
480 669 492 690 ,
522 639 639 696 quod
671 638 773 680 olim
797 638 1013 694 cognitum
1037 647 1150 692 erat,
1183 640 1323 695 τιούχα
1353 657 1418 681 nr.
1439 639 1560 689 1564,

126 721 223 747 cum
253 706 471 748 Boeekhio
501 706 848 747 damnaveramus
880 705 1025 760 (τοὺχα
1056 706 1216 763 legitur
1247 708 1367 749 Curt.
1403 724 1467 748 nr.
1490 708 1562 758 7);

127 773 205 814 sed
244 773 456 814 accedunt
499 789 613 814 nune
651 772 921 820 Λιουιούσιος
961 772 1083 814 Curt.
1134 789 1197 814 nr.
1232 774 1258 815 8
1298 775 1326 815 l.
1366 776 1416 817 18
1458 775 1488 815 i.
1522 791 1559 815 e.

124 839 373 890 Διονύσιος,
417 840 572 882 deinde
602 840 736 882 Leak.
770 857 834 882 ur.
855 841 908 882 37
937 841 968 881 l.
988 840 1056 883 29.
1075 840 1129 882 30
1157 844 1269 881 Alo
1284 845 1564 883 ΥΣΙΛΣΟΝ-

131 910 548 950 TOYNI'JRNOAE
574 908 659 965 leg.
691 910 896 955 Λιουσίας
916 908 1235 955 Ὀλιουνπίωνος
1271 908 1301 948 i.
1334 923 1371 950 e.
1404 911 1565 956 Aucta,-

122 973 419 1026 Ὀλυμπίωνος.
498 974 769 1028 Quibuscum
800 976 837 1017 si
868 976 1098 1031 Auglieam
1129 975 1289 1017 vocalis
1321 992 1347 1016 u
1378 992 1563 1034 pronun-

122 1041 344 1084 tiationem
384 1043 619 1085 contuleris
660 1051 702 1085 et
740 1044 934 1084 Zaeones
965 1042 1225 1084 Thiersehio
1266 1051 1373 1084 teste
1410 1043 1566 1097 ψιοὺχα

122 1108 150 1149 i.
186 1125 224 1151 e.
256 1109 366 1164 ψυχή
400 1118 440 1151 et
471 1112 607 1151 νιοῦτα
645 1110 674 1151 i.
708 1126 746 1151 e.
778 1110 900 1150 νύκτα
940 1112 1131 1167 proferre
1162 1110 1437 1162 memineris,
1497 1111 1566 1152 vix

125 1176 368 1226 dubitabis,
408 1177 588 1234 opinor,
630 1177 734 1234 quin
765 1177 1044 1218 Orchomenii
1077 1182 1244 1225 (omues
1275 1177 1388 1219 enim
1420 1177 1487 1219 illi
1516 1177 1565 1218 ti-

122 1243 204 1286 tuli
236 1243 517 1286 Orchomenii
549 1249 666 1291 sunt)
699 1244 842 1285 eadem
874 1244 1237 1302 pronuntiationis
1270 1245 1434 1287 ratione
1465 1245 1567 1286 sub-

122 1311 224 1353 inde
246 1342 258 1364 ,
306 1313 382 1354 sed
412 1312 507 1354 siue
536 1312 625 1353 ulla
655 1313 896 1353 constantia
927 1312 992 1354 usi
1023 1311 1121 1353 sint.

232 1379 451 1421 Addimus
493 1379 657 1421 Scholl.
693 1379 833 1421 Arist.
865 1380 976 1421 Aeh.
1010 1379 1092 1422 889
1130 1387 1171 1420 et
1209 1379 1395 1421 Philum.
1438 1394 1480 1435 p.
1514 1379 1569 1420 46

124 1447 282 1501 ἔγχελυν
321 1446 532 1500 Ἀττικοὶ,
592 1447 740 1501 ἔγχελιν
778 1449 960 1489 Βοιωτοί
1001 1455 1069 1498 et,
1127 1447 1244 1503 quod
1279 1446 1568 1487 testimonium

124 1513 461 1556 Schneidewino
508 1514 744 1566 debemus,
805 1515 995 1557 Gramm.
1046 1515 1089 1555 in
1134 1514 1386 1571 Mingarelli
1428 1513 1565 1555 Codd.

123 1581 267 1623 Nann.
287 1583 433 1638 p.49'2
464 1580 583 1636 εὗρον
614 1585 685 1622 καὶ
713 1582 757 1623 τὸ
790 1582 938 1637 ἔγχελις
964 1582 1030 1622 διὰ
1065 1585 1133 1622 τοῦ
1167 1588 1183 1619 ῖ
1214 1581 1328 1634 παρὰ
1348 1582 1564 1627 Βοιωτοῖς.

122 1648 351 1691 Eustathio
392 1657 500 1691 teste
542 1650 754 1706 p.*1240‚
786 1650 842 1692 22
880 1651 1006 1691 etiam
1038 1649 1296 1691 Aristoteles
1328 1649 1474 1703 &fleam
1506 1648 1569 1688 di-

123 1717 201 1758 xit.
257 1717 401 1770 Quare
434 1716 794 1759 Schneidewiuus
826 1717 897 1757 vix
927 1724 1041 1759 reete
1072 1717 1326 1758 Lesbiaeam
1356 1715 1518 1757 vocalis
1550 1732 1570 1755 v

122 1784 169 1825 in
201 1802 214 1824 ι
245 1784 521 1826 mutationem
553 1793 794 1841 eomparat3
838 1784 913 1824 sed
943 1800 995 1825 ex
1015 1784 1162 1825 Attico
1191 1784 1351 1841 plurali
1384 1783 1567 1837 ἐγχέλεις,

125 1853 309 1906 ἐγχελὲων
337 1852 552 1893 recentior
582 1851 872 1893 nominativus
902 1851 1050 1906 ι”γχελις
1081 1853 1148 1899 (ut
1178 1850 1312 1905 πόλις)
1347 1852 1484 1891 sactus
1506 1865 1569 1890 es-

126 1934 171 1960 se
202 1918 395 1967 videtur,
440 1935 568 1976 quem
598 1928 771 1977 propter
803 1920 971 1973 ἐγχέλεις
1004 1919 1049 1959 in
1078 1919 1230 1960 Boeoti
1263 1918 1570 1974 Aristophanei

123 1985 270 2028 verbis
299 1993 459 2027 temere
489 1987 664 2029 Boeotis
698 1987 903 2028 tributum
936 2002 1030 2028 esse
1063 1985 1272 2043 suspicari
1303 1986 1419 2027 licet.

237 2053 366 2109 Pag.
404 2054 482 2096 182
525 2054 556 2095 1.
592 2055 658 2096 13.
719 2055 846 2096 Adde
877 2058 1012 2095 ι’ἆσσα
1042 2054 1154 2095 Ach.
1187 2054 1284 2095 841.

239 2119 362 2176 Pag.
396 2122 476 2163 183
509 2130 616 2162 not.
649 2123 674 2164 3
705 2130 837 2164 extr.
895 2122 1021 2162 Adde
1052 2121 1284 2163 Grammat.
1318 2119 1431 2175 apud
1460 2119 1570 2175 Pey-

125 2187 296 2229 ronium
327 2195 425 2244 post
454 2188 599 2245 Etym.
635 2189 788 2231 Orion.
824 2207 866 2247 p.
891 2191 972 2232 241
1004 2188 1047 2230 τὸ
1082 2195 1103 2237 ἦ
1137 2190 1192 2236 εἰς
1223 2186 1295 2236 τὴν
1324 2188 1364 2226 Ξῖ
1397 2187 1571 2238 δίφθογ-

128 2272 199 2308 γον
229 2256 446 2308 τρέπουσιν
478 2260 516 2297 οἱ
548 2259 726 2305 Αἰιιλεῖς.
788 2263 930 2312 ἄρειας·
963 2258 1145 2309 λέγουσιν
1177 2254 1262 2294 ἀντὶ
1290 2255 1364 2293 τοῦ
1394 2252 1538 2306 ἥρωες.

239 2323 365 2378 Pag.
393 2322 486 2364 184.
526 2322 661 2365 Multa
684 2333 960 2366 accesserunt
981 2323 1192 2379 exempla,
1225 2337 1406 2377 quorum
1424 2328 1569 2361 notatu

130 2389 327 2448 digniora
358 2391 461 2430 haee
493 2399 616 2432 sunt:
657 2396 720 2444 μεί
749 2392 970 2445 διαγράφει
1000 2390 1135 2431 Leak.
1167 2405 1233 2429 nr.
1253 2389 1324 2441 37,
1357 2404 1465 2445 quae
1495 2404 1571 2444 pro

130 2457 183 2509 μή
217 2456 425 2513 ὁιαγράψῃ
459 2474 556 2499 esse
581 2459 796 2513 videntur,
826 2460 1088 2511 ‘Ayaema'tlaoc
1119 2456 1244 2509 ibid-9
1273 2457 1571 2509 ‘Ayffz'oavb'yos

75 2540 79 2541 ⁷
132 2532 174 2568 et
202 2526 477 2578 Θιογνειτίδας
499 2525 621 2566 Curt.
648 2542 712 2567 nr.
733 2527 787 2579 8,
819 2526 1083 2576 Αὐτομείδεις
1111 2524 1154 2564 in
1178 2524 1305 2564 Ptoio
1328 2540 1350 2564 a
1373 2523 1567 2575 μήὸομαι.

242 2592 366 2649 Pag.
402 2591 479 2634 185
510 2593 539 2633 l.
566 2592 632 2634 10.
692 2593 856 2634 Eodem
887 2593 1000 2633 refer
1028 2591 1077 2632 τὰ
1108 2593 1308 2631 Βασίλεια
1338 2591 1471 2631 Leak.
1504 2606 1568 2630 nr.

131 2658 185 2701 37
211 2675 290 2717 pro
319 2659 469 2700 lonico
501 2665 543 2701 et
573 2660 754 2702 Aeolico
784 2659 993 2708 Βασιλὴϊα
1011 2690 1023 2713 ,
1083 2660 1282 2713 Βασιλῆα.
1373 2658 1571 2699 Alterum

134 2726 219 2768 iota
250 2726 458 2768 omissum
490 2736 583 2780 est,
608 2729 609 2732 ’
633 2743 763 2784 quum
794 2726 839 2768 in
872 2728 1050 2777 μανιειὶά
1083 2732 1288 2766 servetur.
