<?xml version="1.0" encoding="UTF-8"?>
<!DOCTYPE html PUBLIC "-//W3C//DTD XHTML 1.0 Transitional//EN"
    "http://www.w3.org/TR/xhtml1/DTD/xhtml1-transitional.dtd">
<html xmlns="http://www.w3.org/1999/xhtml" xml:lang="en" lang="en">
 <head>
  <title>
</title>
<meta http-equiv="Content-Type" content="text/html;charset=utf-8" />
  <meta name='ocr-system' content='tesseract 3.04.00' />
  <meta name='ocr-capabilities' content='ocr_page ocr_carea ocr_par ocr_line ocrx_word'/>
</head>
<body>
  <div class='ocr_page' id='page_1' title='image "./degraecaelinguae01ahreuoft_0641.png"; bbox 0 0 1779 3079; ppageno 0'>
   <div class='ocr_carea' id='block_1_1' title="bbox 343 201 1492 272">
    <p class='ocr_par' dir='ltr' id='par_1_1' title="bbox 343 201 1492 272">
     <span class='ocr_line' id='line_1_1' title="bbox 343 201 1492 272; baseline -0.008 -15"><span class='ocrx_word' id='word_1_1' title='bbox 343 209 385 268; x_wconf 52' lang='grc' dir='ltr'><strong>ᾗ.</strong></span> <span class='ocrx_word' id='word_1_2' title='bbox 425 211 501 257; x_wconf 81' lang='lat'><strong>39.</strong></span> <span class='ocrx_word' id='word_1_3' title='bbox 574 211 646 256; x_wconf 88' lang='lat' dir='ltr'><strong>De</strong></span> <span class='ocrx_word' id='word_1_4' title='bbox 679 207 1010 272; x_wconf 78' lang='lat' dir='ltr'><strong>conjugatione</strong></span> <span class='ocrx_word' id='word_1_5' title='bbox 1044 207 1091 252; x_wconf 89' lang='lat' dir='ltr'><strong>in</strong></span> <span class='ocrx_word' id='word_1_6' title='bbox 1125 226 1187 265; x_wconf 81' lang='grc' dir='ltr'><strong>μι.</strong></span> <span class='ocrx_word' id='word_1_7' title='bbox 1394 201 1492 250; x_wconf 83' lang='grc'><strong>317</strong></span> 
     </span>
    </p>
   </div>
   <div class='ocr_carea' id='block_1_2' title="bbox 53 340 1506 2293">
    <p class='ocr_par' dir='ltr' id='par_1_2' title="bbox 54 340 1497 739">
     <span class='ocr_line' id='line_1_2' title="bbox 54 340 1493 402; baseline -0.005 -14"><span class='ocrx_word' id='word_1_8' title='bbox 54 347 106 388; x_wconf 84' lang='lat' dir='ltr'><strong>de</strong></span> <span class='ocrx_word' id='word_1_9' title='bbox 147 347 263 402; x_wconf 88' lang='lat' dir='ltr'><strong>conj.</strong></span> <span class='ocrx_word' id='word_1_10' title='bbox 309 346 352 387; x_wconf 88' lang='lat' dir='ltr'><strong>iu</strong></span> <span class='ocrx_word' id='word_1_11' title='bbox 391 364 435 398; x_wconf 70' lang='grc' dir='ltr'><strong>με,</strong></span> <span class='ocrx_word' id='word_1_12' title='bbox 477 350 517 399; x_wconf 65' lang='grc' dir='ltr'><strong>ς.</strong></span> <span class='ocrx_word' id='word_1_13' title='bbox 551 348 591 388; x_wconf 89' lang='grc'><strong>7.</strong></span> <span class='ocrx_word' id='word_1_14' title='bbox 652 343 817 385; x_wconf 84' lang='lat' dir='ltr'><strong>Ibidem</strong></span> <span class='ocrx_word' id='word_1_15' title='bbox 859 342 1190 383; x_wconf 86' lang='lat' dir='ltr'><strong>demonstratum</strong></span> <span class='ocrx_word' id='word_1_16' title='bbox 1221 348 1284 381; x_wconf 82' lang='lat' dir='ltr'><strong>est</strong></span> <span class='ocrx_word' id='word_1_17' title='bbox 1315 340 1493 397; x_wconf 81' lang='lat' dir='ltr'>primam</span> 
     </span>
     <span class='ocr_line' id='line_1_3' title="bbox 54 409 1494 472; baseline -0.005 -17"><span class='ocrx_word' id='word_1_18' title='bbox 54 415 263 472; x_wconf 80' lang='lat' dir='ltr'><strong>pluralem</strong></span> <span class='ocrx_word' id='word_1_19' title='bbox 306 414 510 467; x_wconf 61' lang='grc' dir='ltr'><strong>ἐθήκαμεν</strong></span> <span class='ocrx_word' id='word_1_20' title='bbox 551 425 592 456; x_wconf 83' lang='lat' dir='ltr'><strong>et</strong></span> <span class='ocrx_word' id='word_1_21' title='bbox 632 411 834 461; x_wconf 70' lang='grc' dir='ltr'><strong>ἐδώκαμεν</strong></span> <span class='ocrx_word' id='word_1_22' title='bbox 876 410 1078 466; x_wconf 78' lang='lat' dir='ltr'><strong>genuinis</strong></span> <span class='ocrx_word' id='word_1_23' title='bbox 1118 410 1290 463; x_wconf 75' lang='lat' dir='ltr'>linguae</span> <span class='ocrx_word' id='word_1_24' title='bbox 1323 409 1494 466; x_wconf 76' lang='lat' dir='ltr'><strong>legibus</strong></span> 
     </span>
     <span class='ocr_line' id='line_1_4' title="bbox 55 477 1495 538; baseline -0.003 -16"><span class='ocrx_word' id='word_1_25' title='bbox 55 497 293 538; x_wconf 78' lang='lat' dir='ltr'><strong>repugnare</strong></span> <span class='ocrx_word' id='word_1_26' title='bbox 323 491 362 523; x_wconf 84' lang='lat' dir='ltr'><strong>et</strong></span> <span class='ocrx_word' id='word_1_27' title='bbox 395 481 672 523; x_wconf 77' lang='lat' dir='ltr'><strong>recentiorem</strong></span> <span class='ocrx_word' id='word_1_28' title='bbox 702 477 938 519; x_wconf 86' lang='lat' dir='ltr'><strong>habendam</strong></span> <span class='ocrx_word' id='word_1_29' title='bbox 976 492 1095 529; x_wconf 66' lang='lat' dir='ltr'><strong>esse3</strong></span> <span class='ocrx_word' id='word_1_30' title='bbox 1140 477 1355 534; x_wconf 78' lang='lat' dir='ltr'><strong>antiquior</strong></span> <span class='ocrx_word' id='word_1_31' title='bbox 1390 491 1495 534; x_wconf 91' lang='lat' dir='ltr'><strong>quo-</strong></span> 
     </span>
     <span class='ocr_line' id='line_1_5' title="bbox 54 543 1496 606; baseline -0.003 -17"><span class='ocrx_word' id='word_1_32' title='bbox 54 565 139 606; x_wconf 89' lang='lat' dir='ltr'><strong>que</strong></span> <span class='ocrx_word' id='word_1_33' title='bbox 169 550 302 591; x_wconf 78' lang='lat' dir='ltr'><strong>Doris</strong></span> <span class='ocrx_word' id='word_1_34' title='bbox 345 550 486 601; x_wconf 69' lang='grc' dir='ltr'><em>ἕθεμες</em></span> <span class='ocrx_word' id='word_1_35' title='bbox 524 557 565 589; x_wconf 89' lang='lat' dir='ltr'><strong>et</strong></span> <span class='ocrx_word' id='word_1_36' title='bbox 604 547 742 599; x_wconf 70' lang='grc' dir='ltr'><em>ἔδομες</em></span> <span class='ocrx_word' id='word_1_37' title='bbox 780 544 950 585; x_wconf 77' lang='lat' dir='ltr'><strong>dixerit.</strong></span> <span class='ocrx_word' id='word_1_38' title='bbox 1024 543 1224 585; x_wconf 80' lang='lat' dir='ltr'><strong>Ceterum</strong></span> <span class='ocrx_word' id='word_1_39' title='bbox 1267 560 1408 601; x_wconf 85' lang='lat' dir='ltr'><strong>neque</strong></span> <span class='ocrx_word' id='word_1_40' title='bbox 1449 543 1496 585; x_wconf 90' lang='lat' dir='ltr'><strong>in</strong></span> 
     </span>
     <span class='ocr_line' id='line_1_6' title="bbox 57 611 1497 672; baseline -0.003 -16"><span class='ocrx_word' id='word_1_41' title='bbox 57 616 238 672; x_wconf 81' lang='lat' dir='ltr'><strong>reliquls</strong></span> <span class='ocrx_word' id='word_1_42' title='bbox 266 616 473 671; x_wconf 77' lang='lat' dir='ltr'><strong>objectivi</strong></span> <span class='ocrx_word' id='word_1_43' title='bbox 514 615 653 656; x_wconf 88' lang='lat' dir='ltr'><strong>modis</strong></span> <span class='ocrx_word' id='word_1_44' title='bbox 693 629 832 670; x_wconf 86' lang='lat' dir='ltr'><strong>neque</strong></span> <span class='ocrx_word' id='word_1_45' title='bbox 871 613 914 652; x_wconf 90' lang='lat' dir='ltr'><strong>in</strong></span> <span class='ocrx_word' id='word_1_46' title='bbox 954 611 1195 665; x_wconf 84' lang='lat' dir='ltr'><strong>subjectivo</strong></span> <span class='ocrx_word' id='word_1_47' title='bbox 1226 612 1497 668; x_wconf 87' lang='lat' dir='ltr'><strong>reperiuntur</strong></span> 
     </span>
     <span class='ocr_line' id='line_1_7' title="bbox 57 679 1494 739; baseline -0.003 -15"><span class='ocrx_word' id='word_1_48' title='bbox 57 684 241 732; x_wconf 77' lang='lat' dir='ltr'><strong>formae,</strong></span> <span class='ocrx_word' id='word_1_49' title='bbox 274 699 382 739; x_wconf 85' lang='lat' dir='ltr'><strong>quae</strong></span> <span class='ocrx_word' id='word_1_50' title='bbox 413 689 455 723; x_wconf 84' lang='lat' dir='ltr'><strong>et</strong></span> <span class='ocrx_word' id='word_1_51' title='bbox 483 699 504 722; x_wconf 77' lang='grc' dir='ltr'><strong><em>κ</em></strong></span> <span class='ocrx_word' id='word_1_52' title='bbox 536 691 577 723; x_wconf 85' lang='lat' dir='ltr'><strong>et</strong></span> <span class='ocrx_word' id='word_1_53' title='bbox 611 682 740 739; x_wconf 82' lang='lat' dir='ltr'><strong>primi</strong></span> <span class='ocrx_word' id='word_1_54' title='bbox 772 680 920 721; x_wconf 82' lang='lat' dir='ltr'><strong>aoristi</strong></span> <span class='ocrx_word' id='word_1_55' title='bbox 951 679 1273 720; x_wconf 76' lang='lat' dir='ltr'><strong>terminationes</strong></span> <span class='ocrx_word' id='word_1_56' title='bbox 1296 680 1494 720; x_wconf 82' lang='lat' dir='ltr'><strong>habeant.</strong></span> 
     </span>
    </p>

    <p class='ocr_par' dir='ltr' id='par_1_3' title="bbox 53 745 1502 1611">
     <span class='ocr_line' id='line_1_8' title="bbox 166 745 1498 807; baseline -0.002 -16"><span class='ocrx_word' id='word_1_57' title='bbox 166 751 208 800; x_wconf 91' lang='grc'><strong>7)</strong></span> <span class='ocrx_word' id='word_1_58' title='bbox 266 751 317 791; x_wconf 91' lang='lat' dir='ltr'><strong>In</strong></span> <span class='ocrx_word' id='word_1_59' title='bbox 362 750 529 791; x_wconf 86' lang='lat' dir='ltr'><strong>tertia</strong></span> <span class='ocrx_word' id='word_1_60' title='bbox 570 748 779 807; x_wconf 84' lang='lat' dir='ltr'><strong>plurali</strong></span> <span class='ocrx_word' id='word_1_61' title='bbox 820 746 1122 804; x_wconf 83' lang='lat' dir='ltr'><strong>praeteriti</strong></span> <span class='ocrx_word' id='word_1_62' title='bbox 1153 745 1344 787; x_wconf 80' lang='lat' dir='ltr'><strong>Doribus</strong></span> <span class='ocrx_word' id='word_1_63' title='bbox 1386 748 1498 788; x_wconf 85' lang='lat' dir='ltr'><strong>sicut</strong></span> 
     </span>
     <span class='ocr_line' id='line_1_9' title="bbox 53 813 1499 874; baseline -0.001 -17"><span class='ocrx_word' id='word_1_64' title='bbox 53 817 267 858; x_wconf 85' lang='lat' dir='ltr'><strong>Aeolibus</strong></span> <span class='ocrx_word' id='word_1_65' title='bbox 298 826 338 859; x_wconf 91' lang='lat' dir='ltr'><strong>et</strong></span> <span class='ocrx_word' id='word_1_66' title='bbox 367 817 544 858; x_wconf 85' lang='lat' dir='ltr'><strong>Boeotis</strong></span> <span class='ocrx_word' id='word_1_67' title='bbox 576 834 654 874; x_wconf 86' lang='lat' dir='ltr'><strong>pro</strong></span> <span class='ocrx_word' id='word_1_68' title='bbox 686 816 856 873; x_wconf 79' lang='lat' dir='ltr'><strong>vulgari</strong></span> <span class='ocrx_word' id='word_1_69' title='bbox 886 813 1187 856; x_wconf 78' lang='lat' dir='ltr'><strong>terminatione</strong></span> <span class='ocrx_word' id='word_1_70' title='bbox 1220 830 1295 853; x_wconf 82' lang='grc' dir='ltr'><strong>σαν</strong></span> <span class='ocrx_word' id='word_1_71' title='bbox 1328 814 1499 855; x_wconf 86' lang='lat' dir='ltr'><strong>brevior</strong></span> 
     </span>
     <span class='ocr_line' id='line_1_10' title="bbox 54 881 1497 941; baseline -0.002 -16"><span class='ocrx_word' id='word_1_72' title='bbox 54 884 129 925; x_wconf 90' lang='lat' dir='ltr'><strong>illa</strong></span> <span class='ocrx_word' id='word_1_73' title='bbox 160 902 180 924; x_wconf 79' lang='grc' dir='ltr'>ν</span> <span class='ocrx_word' id='word_1_74' title='bbox 212 884 500 937; x_wconf 83' lang='lat' dir='ltr'><strong>adscribitur,</strong></span> <span class='ocrx_word' id='word_1_75' title='bbox 534 900 642 941; x_wconf 86' lang='lat' dir='ltr'><strong>qnae</strong></span> <span class='ocrx_word' id='word_1_76' title='bbox 674 885 862 926; x_wconf 77' lang='lat' dir='ltr'><strong>vocalem</strong></span> <span class='ocrx_word' id='word_1_77' title='bbox 895 882 1214 923; x_wconf 84' lang='lat' dir='ltr'><strong>antecedentem</strong></span> <span class='ocrx_word' id='word_1_78' title='bbox 1247 881 1424 938; x_wconf 87' lang='lat' dir='ltr'><strong>corripit</strong></span> <span class='ocrx_word' id='word_1_79' title='bbox 1444 884 1497 932; x_wconf 84' lang='grc'>7),</span> 
     </span>
     <span class='ocr_line' id='line_1_11' title="bbox 58 949 1497 1008; baseline -0.002 -17"><span class='ocrx_word' id='word_1_80' title='bbox 58 968 196 1008; x_wconf 89' lang='lat' dir='ltr'><strong>neque</strong></span> <span class='ocrx_word' id='word_1_81' title='bbox 239 952 329 994; x_wconf 86' lang='lat' dir='ltr'><strong>fere</strong></span> <span class='ocrx_word' id='word_1_82' title='bbox 369 953 451 993; x_wconf 84' lang='lat' dir='ltr'><strong>alia</strong></span> <span class='ocrx_word' id='word_1_83' title='bbox 493 952 536 992; x_wconf 89' lang='lat' dir='ltr'><strong>in</strong></span> <span class='ocrx_word' id='word_1_84' title='bbox 578 952 780 1008; x_wconf 77' lang='lat' dir='ltr'><strong>genuinis</strong></span> <span class='ocrx_word' id='word_1_85' title='bbox 813 950 992 991; x_wconf 81' lang='lat' dir='ltr'><strong>Doridis</strong></span> <span class='ocrx_word' id='word_1_86' title='bbox 1034 949 1226 990; x_wconf 80' lang='lat' dir='ltr'><strong>sontibus</strong></span> <span class='ocrx_word' id='word_1_87' title='bbox 1269 949 1497 1005; x_wconf 86' lang='lat' dir='ltr'><strong>reperitur.</strong></span> 
     </span>
     <span class='ocr_line' id='line_1_12' title="bbox 57 1016 1499 1076; baseline -0.001 -17"><span class='ocrx_word' id='word_1_88' title='bbox 57 1019 123 1060; x_wconf 88' lang='lat' dir='ltr'><strong>Eo</strong></span> <span class='ocrx_word' id='word_1_89' title='bbox 154 1019 368 1076; x_wconf 84' lang='lat' dir='ltr'><strong>pertinent</strong></span> <span class='ocrx_word' id='word_1_90' title='bbox 399 1019 442 1059; x_wconf 86' lang='lat' dir='ltr'><strong>in</strong></span> <span class='ocrx_word' id='word_1_91' title='bbox 474 1019 635 1060; x_wconf 85' lang='lat' dir='ltr'><strong>Lacon.</strong></span> <span class='ocrx_word' id='word_1_92' title='bbox 663 1019 766 1060; x_wconf 83' lang='grc'><strong>1511</strong></span> <span class='ocrx_word' id='word_1_93' title='bbox 799 1018 916 1069; x_wconf 71' lang='grc' dir='ltr'>ἔδων,</span> <span class='ocrx_word' id='word_1_94' title='bbox 948 1017 992 1058; x_wconf 89' lang='lat' dir='ltr'><strong>in</strong></span> <span class='ocrx_word' id='word_1_95' title='bbox 1023 1017 1142 1072; x_wconf 80' lang='lat' dir='ltr'><strong>galea</strong></span> <span class='ocrx_word' id='word_1_96' title='bbox 1165 1016 1329 1071; x_wconf 70' lang='lat' dir='ltr'><strong>Argiva</strong></span> <span class='ocrx_word' id='word_1_97' title='bbox 1360 1033 1426 1056; x_wconf 91' lang='lat' dir='ltr'><strong>nr.</strong></span> <span class='ocrx_word' id='word_1_98' title='bbox 1445 1018 1499 1057; x_wconf 76' lang='lat'><strong>29</strong></span> 
     </span>
     <span class='ocr_line' id='line_1_13' title="bbox 58 1083 1498 1137; baseline -0.002 -11"><span class='ocrx_word' id='word_1_99' title='bbox 58 1086 226 1136; x_wconf 63' lang='grc' dir='ltr'><strong>ἀνέθεν,</strong></span> <span class='ocrx_word' id='word_1_100' title='bbox 274 1086 319 1127; x_wconf 82' lang='lat' dir='ltr'><strong>in</strong></span> <span class='ocrx_word' id='word_1_101' title='bbox 351 1087 509 1128; x_wconf 85' lang='lat' dir='ltr'><strong>tabulis</strong></span> <span class='ocrx_word' id='word_1_102' title='bbox 540 1086 905 1128; x_wconf 80' lang='lat' dir='ltr'><strong>Heracleensibus</strong></span> <span class='ocrx_word' id='word_1_103' title='bbox 937 1084 1003 1137; x_wconf 88' lang='grc' dir='ltr'>ΙΙ,</span> <span class='ocrx_word' id='word_1_104' title='bbox 1039 1083 1090 1126; x_wconf 78' lang='grc'><strong>16</strong></span> <span class='ocrx_word' id='word_1_105' title='bbox 1121 1083 1322 1137; x_wconf 50' lang='lat' dir='ltr'><strong>dudam»,</strong></span> <span class='ocrx_word' id='word_1_106' title='bbox 1369 1084 1414 1133; x_wconf 90' lang='lat' dir='ltr'><strong>l,</strong></span> <span class='ocrx_word' id='word_1_107' title='bbox 1448 1084 1498 1124; x_wconf 84' lang='lat'><strong>51</strong></span> 
     </span>
     <span class='ocr_line' id='line_1_14' title="bbox 58 1151 1500 1207; baseline -0.002 -13"><span class='ocrx_word' id='word_1_108' title='bbox 58 1155 234 1207; x_wconf 60' lang='grc' dir='ltr'><strong>διέγνύν,</strong></span> <span class='ocrx_word' id='word_1_109' title='bbox 270 1154 307 1206; x_wconf 91' lang='grc' dir='ltr'>Ι,</span> <span class='ocrx_word' id='word_1_110' title='bbox 338 1155 403 1195; x_wconf 75' lang='grc'><strong>94.</strong></span> <span class='ocrx_word' id='word_1_111' title='bbox 427 1154 480 1195; x_wconf 87' lang='grc'><strong>95</strong></span> <span class='ocrx_word' id='word_1_112' title='bbox 512 1155 828 1203; x_wconf 62' lang='grc' dir='ltr'><strong>κατεδίκασθεν,</strong></span> <span class='ocrx_word' id='word_1_113' title='bbox 865 1153 980 1194; x_wconf 85' lang='lat' dir='ltr'><strong>Cret.</strong></span> <span class='ocrx_word' id='word_1_114' title='bbox 1014 1151 1135 1193; x_wconf 82' lang='grc'><strong>3050.</strong></span> <span class='ocrx_word' id='word_1_115' title='bbox 1163 1152 1273 1193; x_wconf 74' lang='grc'><strong>3052</strong></span> <span class='ocrx_word' id='word_1_116' title='bbox 1305 1153 1500 1205; x_wconf 57' lang='grc' dir='ltr'><strong>ὃιε-’λεγενς</strong></span> 
     </span>
     <span class='ocr_line' id='line_1_15' title="bbox 56 1218 1502 1278; baseline -0.001 -16"><span class='ocrx_word' id='word_1_117' title='bbox 56 1223 156 1262; x_wconf 85' lang='lat' dir='ltr'><strong>item</strong></span> <span class='ocrx_word' id='word_1_118' title='bbox 187 1220 300 1278; x_wconf 88' lang='lat' dir='ltr'><strong>apud</strong></span> <span class='ocrx_word' id='word_1_119' title='bbox 330 1220 635 1262; x_wconf 83' lang='lat' dir='ltr'><strong>Archimedem</strong></span> <span class='ocrx_word' id='word_1_120' title='bbox 666 1227 872 1275; x_wconf 72' lang='lat' dir='ltr'><strong>regnaut,</strong></span> <span class='ocrx_word' id='word_1_121' title='bbox 907 1227 952 1260; x_wconf 90' lang='lat' dir='ltr'><strong>ut</strong></span> <span class='ocrx_word' id='word_1_122' title='bbox 983 1219 1034 1259; x_wconf 89' lang='lat' dir='ltr'><strong>de</strong></span> <span class='ocrx_word' id='word_1_123' title='bbox 1065 1218 1228 1271; x_wconf 88' lang='lat' dir='ltr'><strong>Quadr.</strong></span> <span class='ocrx_word' id='word_1_124' title='bbox 1254 1220 1353 1261; x_wconf 84' lang='lat' dir='ltr'><strong>Par.</strong></span> <span class='ocrx_word' id='word_1_125' title='bbox 1386 1236 1428 1276; x_wconf 88' lang='lat' dir='ltr'><strong>p.</strong></span> <span class='ocrx_word' id='word_1_126' title='bbox 1451 1218 1502 1260; x_wconf 83' lang='grc'><strong>17</strong></span> 
     </span>
     <span class='ocr_line' id='line_1_16' title="bbox 57 1286 1502 1346; baseline -0.001 -17"><span class='ocrx_word' id='word_1_127' title='bbox 57 1289 362 1341; x_wconf 59' lang='grc' dir='ltr'><strong>κατᾰγνωσϋῦν,</strong></span> <span class='ocrx_word' id='word_1_128' title='bbox 409 1288 461 1329; x_wconf 88' lang='lat' dir='ltr'><strong>de</strong></span> <span class='ocrx_word' id='word_1_129' title='bbox 495 1288 603 1330; x_wconf 82' lang='lat' dir='ltr'><strong>Con.</strong></span> <span class='ocrx_word' id='word_1_130' title='bbox 642 1305 684 1346; x_wconf 89' lang='lat' dir='ltr'><strong>p.</strong></span> <span class='ocrx_word' id='word_1_131' title='bbox 713 1287 800 1342; x_wconf 60' lang='lat'><strong>{257</strong></span> <span class='ocrx_word' id='word_1_132' title='bbox 834 1288 1118 1335; x_wconf 62' lang='grc' dir='ltr'><strong>συνεξέὃοθεν,</strong></span> <span class='ocrx_word' id='word_1_133' title='bbox 1167 1288 1302 1328; x_wconf 85' lang='lat' dir='ltr'><strong>Aren.</strong></span> <span class='ocrx_word' id='word_1_134' title='bbox 1345 1303 1387 1343; x_wconf 86' lang='lat' dir='ltr'><strong>p.</strong></span> <span class='ocrx_word' id='word_1_135' title='bbox 1420 1286 1502 1328; x_wconf 70' lang='lat'><strong>325</strong></span> 
     </span>
     <span class='ocr_line' id='line_1_17' title="bbox 57 1354 1500 1413; baseline -0.002 -16"><span class='ocrx_word' id='word_1_136' title='bbox 57 1356 207 1397; x_wconf 54' lang='lat'><strong>3‘1-5051„</strong></span> <span class='ocrx_word' id='word_1_137' title='bbox 269 1356 515 1413; x_wconf 80' lang='lat' dir='ltr'><strong>lmperfccti</strong></span> <span class='ocrx_word' id='word_1_138' title='bbox 557 1357 777 1413; x_wconf 82' lang='lat' dir='ltr'><strong>exempla,</strong></span> <span class='ocrx_word' id='word_1_139' title='bbox 826 1363 870 1395; x_wconf 89' lang='lat' dir='ltr'><strong>ut</strong></span> <span class='ocrx_word' id='word_1_140' title='bbox 910 1355 1140 1396; x_wconf 85' lang='lat' dir='ltr'><strong>Pindarica</strong></span> <span class='ocrx_word' id='word_1_141' title='bbox 1179 1356 1290 1394; x_wconf 69' lang='grc' dir='ltr'><strong>τίθὲν</strong></span> <span class='ocrx_word' id='word_1_142' title='bbox 1328 1355 1381 1394; x_wconf 94' lang='grc' dir='ltr'><strong>Ρ.</strong></span> <span class='ocrx_word' id='word_1_143' title='bbox 1414 1354 1500 1406; x_wconf 85' lang='grc' dir='ltr'>ΠΙ,</span> 
     </span>
     <span class='ocr_line' id='line_1_18' title="bbox 56 1422 1500 1480; baseline -0.003 -14"><span class='ocrx_word' id='word_1_144' title='bbox 56 1424 134 1477; x_wconf 78' lang='grc'>65,</span> <span class='ocrx_word' id='word_1_145' title='bbox 167 1428 221 1464; x_wconf 72' lang='grc' dir='ltr'><strong>ἰἐν</strong></span> <span class='ocrx_word' id='word_1_146' title='bbox 241 1424 390 1464; x_wconf 87' lang='lat' dir='ltr'><strong>Isthm.</strong></span> <span class='ocrx_word' id='word_1_147' title='bbox 417 1424 454 1475; x_wconf 80' lang='lat' dir='ltr'><strong>l,</strong></span> <span class='ocrx_word' id='word_1_148' title='bbox 477 1423 555 1474; x_wconf 76' lang='lat'><strong>25,</strong></span> <span class='ocrx_word' id='word_1_149' title='bbox 586 1424 630 1464; x_wconf 90' lang='lat' dir='ltr'><strong>in</strong></span> <span class='ocrx_word' id='word_1_150' title='bbox 662 1423 782 1480; x_wconf 87' lang='lat' dir='ltr'><strong>puris</strong></span> <span class='ocrx_word' id='word_1_151' title='bbox 815 1423 1005 1464; x_wconf 83' lang='lat' dir='ltr'><strong>fontibus</strong></span> <span class='ocrx_word' id='word_1_152' title='bbox 1035 1438 1136 1464; x_wconf 89' lang='lat' dir='ltr'><strong>casu</strong></span> <span class='ocrx_word' id='word_1_153' title='bbox 1161 1438 1247 1463; x_wconf 89' lang='lat' dir='ltr'><strong>nou</strong></span> <span class='ocrx_word' id='word_1_154' title='bbox 1278 1422 1500 1479; x_wconf 73' lang='lat' dir='ltr'><strong>leguntur.</strong></span> 
     </span>
     <span class='ocr_line' id='line_1_19' title="bbox 59 1487 1502 1548; baseline -0.002 -15"><span class='ocrx_word' id='word_1_155' title='bbox 59 1491 145 1533; x_wconf 86' lang='lat' dir='ltr'><strong>Sed</strong></span> <span class='ocrx_word' id='word_1_156' title='bbox 176 1491 324 1532; x_wconf 90' lang='lat' dir='ltr'><strong>eodem</strong></span> <span class='ocrx_word' id='word_1_157' title='bbox 354 1490 539 1547; x_wconf 83' lang='lat' dir='ltr'><strong>pertinet</strong></span> <span class='ocrx_word' id='word_1_158' title='bbox 569 1491 779 1533; x_wconf 88' lang='lat' dir='ltr'><strong>Doricum</strong></span> <span class='ocrx_word' id='word_1_159' title='bbox 809 1487 857 1541; x_wconf 71' lang='grc' dir='ltr'><strong>ἦν</strong></span> <span class='ocrx_word' id='word_1_160' title='bbox 886 1507 963 1548; x_wconf 90' lang='lat' dir='ltr'><strong>pro</strong></span> <span class='ocrx_word' id='word_1_161' title='bbox 998 1487 1127 1543; x_wconf 61' lang='grc' dir='ltr'>ἦσαν,</span> <span class='ocrx_word' id='word_1_162' title='bbox 1174 1490 1225 1531; x_wconf 90' lang='lat' dir='ltr'><strong>de</strong></span> <span class='ocrx_word' id='word_1_163' title='bbox 1263 1506 1348 1547; x_wconf 89' lang='lat' dir='ltr'><strong>quo</strong></span> <span class='ocrx_word' id='word_1_164' title='bbox 1388 1488 1502 1531; x_wconf 88' lang='lat' dir='ltr'><strong>vide—</strong></span> 
     </span>
     <span class='ocr_line' id='line_1_20' title="bbox 58 1557 375 1611; baseline -0.003 -12"><span class='ocrx_word' id='word_1_165' title='bbox 58 1558 201 1600; x_wconf 84' lang='lat' dir='ltr'><strong>bimus</strong></span> <span class='ocrx_word' id='word_1_166' title='bbox 231 1558 272 1611; x_wconf 63' lang='grc' dir='ltr'><strong>ξ.</strong></span> <span class='ocrx_word' id='word_1_167' title='bbox 305 1557 375 1599; x_wconf 87' lang='grc'><strong>40.</strong></span> 
     </span>
    </p>

    <p class='ocr_par' dir='ltr' id='par_1_4' title="bbox 59 1626 1506 2293">
     <span class='ocr_line' id='line_1_21' title="bbox 168 1626 1505 1684; baseline -0.002 -17"><span class='ocrx_word' id='word_1_168' title='bbox 168 1626 373 1668; x_wconf 86' lang='lat' dir='ltr'><strong>Vocalem</strong></span> <span class='ocrx_word' id='word_1_169' title='bbox 408 1626 583 1668; x_wconf 88' lang='lat' dir='ltr'><strong>ultimae</strong></span> <span class='ocrx_word' id='word_1_170' title='bbox 613 1626 771 1683; x_wconf 84' lang='lat' dir='ltr'><strong>corripi</strong></span> <span class='ocrx_word' id='word_1_171' title='bbox 804 1627 1020 1680; x_wconf 79' lang='lat' dir='ltr'><strong>diximus,</strong></span> <span class='ocrx_word' id='word_1_172' title='bbox 1066 1626 1117 1667; x_wconf 87' lang='lat' dir='ltr'><strong>de</strong></span> <span class='ocrx_word' id='word_1_173' title='bbox 1148 1641 1230 1684; x_wconf 86' lang='lat' dir='ltr'><strong>qua</strong></span> <span class='ocrx_word' id='word_1_174' title='bbox 1261 1641 1306 1666; x_wconf 89' lang='lat' dir='ltr'><strong>re</strong></span> <span class='ocrx_word' id='word_1_175' title='bbox 1339 1630 1505 1666; x_wconf 86' lang='lat' dir='ltr'><strong>constat</strong></span> 
     </span>
     <span class='ocr_line' id='line_1_22' title="bbox 62 1691 1502 1747; baseline -0.003 -11"><span class='ocrx_word' id='word_1_176' title='bbox 62 1694 187 1736; x_wconf 88' lang='lat' dir='ltr'><strong>etiam</strong></span> <span class='ocrx_word' id='word_1_177' title='bbox 229 1711 281 1735; x_wconf 75' lang='lat' dir='ltr'><strong>cx</strong></span> <span class='ocrx_word' id='word_1_178' title='bbox 310 1695 539 1735; x_wconf 84' lang='lat' dir='ltr'><strong>Homerica</strong></span> <span class='ocrx_word' id='word_1_179' title='bbox 571 1694 754 1736; x_wconf 89' lang='lat' dir='ltr'><strong>dialecto</strong></span> <span class='ocrx_word' id='word_1_180' title='bbox 794 1694 879 1736; x_wconf 84' lang='lat' dir='ltr'><strong>vid.</strong></span> <span class='ocrx_word' id='word_1_181' title='bbox 914 1695 1020 1736; x_wconf 79' lang='lat' dir='ltr'><strong>diss.</strong></span> <span class='ocrx_word' id='word_1_182' title='bbox 1055 1702 1189 1735; x_wconf 83' lang='lat' dir='ltr'><strong>nostr.</strong></span> <span class='ocrx_word' id='word_1_183' title='bbox 1225 1693 1277 1734; x_wconf 87' lang='lat' dir='ltr'><strong>de</strong></span> <span class='ocrx_word' id='word_1_184' title='bbox 1308 1692 1424 1747; x_wconf 86' lang='lat' dir='ltr'><strong>conj.</strong></span> <span class='ocrx_word' id='word_1_185' title='bbox 1457 1691 1502 1732; x_wconf 85' lang='lat' dir='ltr'><strong>in</strong></span> 
     </span>
     <span class='ocr_line' id='line_1_23' title="bbox 59 1759 1504 1820; baseline -0.001 -19"><span class='ocrx_word' id='word_1_186' title='bbox 59 1780 103 1813; x_wconf 76' lang='grc' dir='ltr'><strong>μι</strong></span> <span class='ocrx_word' id='word_1_187' title='bbox 141 1779 184 1818; x_wconf 87' lang='lat' dir='ltr'><strong>p.</strong></span> <span class='ocrx_word' id='word_1_188' title='bbox 218 1762 282 1803; x_wconf 88' lang='lat'><strong>10.</strong></span> <span class='ocrx_word' id='word_1_189' title='bbox 345 1761 426 1802; x_wconf 86' lang='lat' dir='ltr'><strong>Cui</strong></span> <span class='ocrx_word' id='word_1_190' title='bbox 466 1763 639 1819; x_wconf 74' lang='lat' dir='ltr'><strong>regulae</strong></span> <span class='ocrx_word' id='word_1_191' title='bbox 671 1779 779 1820; x_wconf 87' lang='lat' dir='ltr'><strong>quae</strong></span> <span class='ocrx_word' id='word_1_192' title='bbox 821 1762 1126 1811; x_wconf 80' lang='lat' dir='ltr'><strong>adversantur,</strong></span> <span class='ocrx_word' id='word_1_193' title='bbox 1179 1759 1504 1817; x_wconf 75' lang='lat' dir='ltr'><strong>suspectissima</strong></span> 
     </span>
     <span class='ocr_line' id='line_1_24' title="bbox 61 1827 1502 1883; baseline -0.001 -14"><span class='ocrx_word' id='word_1_194' title='bbox 61 1838 176 1870; x_wconf 87' lang='lat' dir='ltr'><strong>sunt.</strong></span> <span class='ocrx_word' id='word_1_195' title='bbox 238 1829 466 1871; x_wconf 84' lang='lat' dir='ltr'><strong>Pindarica</strong></span> <span class='ocrx_word' id='word_1_196' title='bbox 513 1830 632 1883; x_wconf 66' lang='grc' dir='ltr'>ἔγνων</span> <span class='ocrx_word' id='word_1_197' title='bbox 675 1831 726 1870; x_wconf 90' lang='grc' dir='ltr'><strong>Ρ.</strong></span> <span class='ocrx_word' id='word_1_198' title='bbox 762 1830 851 1882; x_wconf 73' lang='lat' dir='ltr'><strong>IX,</strong></span> <span class='ocrx_word' id='word_1_199' title='bbox 884 1830 937 1871; x_wconf 81' lang='grc'><strong>79</strong></span> <span class='ocrx_word' id='word_1_200' title='bbox 978 1838 1018 1870; x_wconf 86' lang='lat' dir='ltr'><strong>et</strong></span> <span class='ocrx_word' id='word_1_201' title='bbox 1059 1828 1226 1882; x_wconf 65' lang='grc' dir='ltr'>ἀνέγνων</span> <span class='ocrx_word' id='word_1_202' title='bbox 1256 1829 1407 1869; x_wconf 82' lang='lat' dir='ltr'><strong>Isthm.</strong></span> <span class='ocrx_word' id='word_1_203' title='bbox 1442 1827 1502 1878; x_wconf 87' lang='grc' dir='ltr'>Π,</span> 
     </span>
     <span class='ocr_line' id='line_1_25' title="bbox 60 1894 1505 1954; baseline -0.003 -15"><span class='ocrx_word' id='word_1_204' title='bbox 60 1898 114 1939; x_wconf 77' lang='lat'><strong>23</strong></span> <span class='ocrx_word' id='word_1_205' title='bbox 146 1913 231 1938; x_wconf 88' lang='lat' dir='ltr'><strong>nou</strong></span> <span class='ocrx_word' id='word_1_206' title='bbox 261 1898 404 1939; x_wconf 84' lang='lat' dir='ltr'><strong>minus</strong></span> <span class='ocrx_word' id='word_1_207' title='bbox 436 1905 569 1939; x_wconf 89' lang='lat' dir='ltr'><strong>metro</strong></span> <span class='ocrx_word' id='word_1_208' title='bbox 602 1898 788 1954; x_wconf 86' lang='lat' dir='ltr'><strong>patiente</strong></span> <span class='ocrx_word' id='word_1_209' title='bbox 821 1898 865 1938; x_wconf 92' lang='lat' dir='ltr'><strong>in</strong></span> <span class='ocrx_word' id='word_1_210' title='bbox 898 1897 1009 1950; x_wconf 57' lang='grc' dir='ltr'>ἔγνον</span> <span class='ocrx_word' id='word_1_211' title='bbox 1038 1903 1080 1937; x_wconf 87' lang='lat' dir='ltr'><strong>et</strong></span> <span class='ocrx_word' id='word_1_212' title='bbox 1110 1895 1274 1949; x_wconf 64' lang='grc' dir='ltr'>ἀνέγνον</span> <span class='ocrx_word' id='word_1_213' title='bbox 1302 1894 1505 1936; x_wconf 79' lang='lat' dir='ltr'><strong>mutanda</strong></span> 
     </span>
     <span class='ocr_line' id='line_1_26' title="bbox 62 1962 1505 2021; baseline -0.001 -17"><span class='ocrx_word' id='word_1_214' title='bbox 62 1972 187 2018; x_wconf 85' lang='lat' dir='ltr'><strong>sunt,</strong></span> <span class='ocrx_word' id='word_1_215' title='bbox 236 1981 361 2021; x_wconf 86' lang='lat' dir='ltr'><strong>quam</strong></span> <span class='ocrx_word' id='word_1_216' title='bbox 392 1972 526 2007; x_wconf 87' lang='lat' dir='ltr'><strong>metro</strong></span> <span class='ocrx_word' id='word_1_217' title='bbox 553 1965 734 2021; x_wconf 86' lang='lat' dir='ltr'><strong>jubente</strong></span> <span class='ocrx_word' id='word_1_218' title='bbox 767 1966 820 2006; x_wconf 87' lang='grc' dir='ltr'><strong>Ρ.</strong></span> <span class='ocrx_word' id='word_1_219' title='bbox 853 1965 933 2018; x_wconf 68' lang='lat' dir='ltr'><strong>IV,</strong></span> <span class='ocrx_word' id='word_1_220' title='bbox 971 1965 1050 2006; x_wconf 71' lang='lat'><strong>120</strong></span> <span class='ocrx_word' id='word_1_221' title='bbox 1081 1964 1190 2017; x_wconf 65' lang='grc' dir='ltr'>ἔγνον</span> <span class='ocrx_word' id='word_1_222' title='bbox 1222 1979 1244 2004; x_wconf 90' lang='lat' dir='ltr'><strong>e</strong></span> <span class='ocrx_word' id='word_1_223' title='bbox 1272 1962 1424 2019; x_wconf 89' lang='lat' dir='ltr'><strong>paucis</strong></span> <span class='ocrx_word' id='word_1_224' title='bbox 1454 1962 1505 2003; x_wconf 89' lang='lat' dir='ltr'><strong>li-</strong></span> 
     </span>
     <span class='ocr_line' id='line_1_27' title="bbox 60 2029 1504 2089; baseline -0.001 -17"><span class='ocrx_word' id='word_1_225' title='bbox 60 2032 150 2073; x_wconf 83' lang='lat' dir='ltr'><strong>bris</strong></span> <span class='ocrx_word' id='word_1_226' title='bbox 175 2041 391 2089; x_wconf 83' lang='lat' dir='ltr'><strong>receptum</strong></span> <span class='ocrx_word' id='word_1_227' title='bbox 421 2042 498 2082; x_wconf 82' lang='lat' dir='ltr'><strong>est,</strong></span> <span class='ocrx_word' id='word_1_228' title='bbox 532 2049 670 2089; x_wconf 88' lang='lat' dir='ltr'><strong>neque</strong></span> <span class='ocrx_word' id='word_1_229' title='bbox 694 2034 816 2075; x_wconf 88' lang='lat' dir='ltr'><strong>aliter</strong></span> <span class='ocrx_word' id='word_1_230' title='bbox 846 2032 966 2086; x_wconf 69' lang='grc' dir='ltr'>ἔγιων</span> <span class='ocrx_word' id='word_1_231' title='bbox 988 2032 1117 2073; x_wconf 87' lang='lat' dir='ltr'><strong>Hom.</strong></span> <span class='ocrx_word' id='word_1_232' title='bbox 1141 2031 1199 2072; x_wconf 90' lang='lat' dir='ltr'><strong>H.</strong></span> <span class='ocrx_word' id='word_1_233' title='bbox 1224 2030 1322 2072; x_wconf 88' lang='lat' dir='ltr'><strong>Cer.</strong></span> <span class='ocrx_word' id='word_1_234' title='bbox 1352 2031 1426 2071; x_wconf 80' lang='lat'><strong>111</strong></span> <span class='ocrx_word' id='word_1_235' title='bbox 1460 2029 1504 2070; x_wconf 89' lang='lat' dir='ltr'><strong>in</strong></span> 
     </span>
     <span class='ocr_line' id='line_1_28' title="bbox 62 2098 1505 2155; baseline -0.001 -16"><span class='ocrx_word' id='word_1_236' title='bbox 62 2098 189 2152; x_wconf 74' lang='grc' dir='ltr'>ἔγνον.</span> <span class='ocrx_word' id='word_1_237' title='bbox 249 2101 335 2141; x_wconf 91' lang='lat' dir='ltr'><strong>Pro</strong></span> <span class='ocrx_word' id='word_1_238' title='bbox 364 2100 544 2152; x_wconf 71' lang='grc' dir='ltr'>μιάνθην</span> <span class='ocrx_word' id='word_1_239' title='bbox 575 2101 628 2141; x_wconf 90' lang='lat' dir='ltr'><strong>Il.</strong></span> <span class='ocrx_word' id='word_1_240' title='bbox 663 2102 698 2150; x_wconf 80' lang='grc' dir='ltr'>ὁ,</span> <span class='ocrx_word' id='word_1_241' title='bbox 734 2100 814 2142; x_wconf 75' lang='grc'><strong>146</strong></span> <span class='ocrx_word' id='word_1_242' title='bbox 843 2101 1012 2152; x_wconf 53' lang='lat' dir='ltr'><strong>,manaen</strong></span> <span class='ocrx_word' id='word_1_243' title='bbox 1042 2098 1214 2140; x_wconf 84' lang='lat' dir='ltr'><strong>restitui</strong></span> <span class='ocrx_word' id='word_1_244' title='bbox 1240 2114 1384 2155; x_wconf 86' lang='lat' dir='ltr'><strong>posse,</strong></span> <span class='ocrx_word' id='word_1_245' title='bbox 1417 2098 1505 2137; x_wconf 86' lang='lat' dir='ltr'><strong>Ilo-</strong></span> 
     </span>
     <span class='ocr_line' id='line_1_29' title="bbox 61 2165 1504 2209; baseline -0.001 -3"><span class='ocrx_word' id='word_1_246' title='bbox 61 2166 220 2207; x_wconf 87' lang='lat' dir='ltr'><strong>merico</strong></span> <span class='ocrx_word' id='word_1_247' title='bbox 264 2183 391 2208; x_wconf 80' lang='lat' dir='ltr'><strong>versu</strong></span> <span class='ocrx_word' id='word_1_248' title='bbox 434 2176 529 2209; x_wconf 83' lang='lat' dir='ltr'><strong>ante</strong></span> <span class='ocrx_word' id='word_1_249' title='bbox 569 2184 785 2209; x_wconf 84' lang='lat' dir='ltr'><strong>caesuram</strong></span> <span class='ocrx_word' id='word_1_250' title='bbox 831 2167 1071 2208; x_wconf 87' lang='lat' dir='ltr'><strong>bucolicam</strong></span> <span class='ocrx_word' id='word_1_251' title='bbox 1115 2167 1359 2208; x_wconf 86' lang='lat' dir='ltr'><strong>trochaeum</strong></span> <span class='ocrx_word' id='word_1_252' title='bbox 1402 2165 1504 2205; x_wconf 88' lang='lat' dir='ltr'><strong>tole-</strong></span> 
     </span>
     <span class='ocr_line' id='line_1_30' title="bbox 62 2231 1506 2293; baseline -0.002 -19"><span class='ocrx_word' id='word_1_253' title='bbox 62 2240 207 2285; x_wconf 78' lang='lat' dir='ltr'><strong>rante,</strong></span> <span class='ocrx_word' id='word_1_254' title='bbox 238 2232 520 2276; x_wconf 87' lang='lat' dir='ltr'><strong>indicavimus</strong></span> <span class='ocrx_word' id='word_1_255' title='bbox 551 2236 581 2276; x_wconf 92' lang='lat'><strong>1.</strong></span> <span class='ocrx_word' id='word_1_256' title='bbox 602 2236 630 2277; x_wconf 91' lang='lat' dir='ltr'><strong>l.</strong></span> <span class='ocrx_word' id='word_1_257' title='bbox 663 2252 702 2293; x_wconf 89' lang='lat' dir='ltr'><strong>p.</strong></span> <span class='ocrx_word' id='word_1_258' title='bbox 727 2235 792 2277; x_wconf 83' lang='grc'><strong>36.</strong></span> <span class='ocrx_word' id='word_1_259' title='bbox 856 2235 916 2276; x_wconf 84' lang='lat' dir='ltr'><strong>At</strong></span> <span class='ocrx_word' id='word_1_260' title='bbox 945 2234 1071 2276; x_wconf 86' lang='lat' dir='ltr'><strong>etiam</strong></span> <span class='ocrx_word' id='word_1_261' title='bbox 1100 2234 1145 2275; x_wconf 87' lang='lat' dir='ltr'><strong>in</strong></span> <span class='ocrx_word' id='word_1_262' title='bbox 1175 2234 1301 2275; x_wconf 89' lang='lat' dir='ltr'><strong>titulo</strong></span> <span class='ocrx_word' id='word_1_263' title='bbox 1334 2231 1506 2273; x_wconf 83' lang='lat' dir='ltr'><strong>Cretico</strong></span> 
     </span>
    </p>
   </div>
   <div class='ocr_carea' id='block_1_3' title="bbox 67 2330 240 2333">
    <p class='ocr_par' dir='ltr' id='par_1_5' title="bbox 67 2330 240 2333">
     <span class='ocr_line' id='line_1_31' title="bbox 67 2330 240 2333; baseline 0 0"><span class='ocrx_word' id='word_1_264' title='bbox 67 2330 240 2333; x_wconf 95' lang='lat' dir='ltr'><strong> </strong></span> 
     </span>
    </p>
   </div>
   <div class='ocr_carea' id='block_1_4' title="bbox 62 2376 1506 2824">
    <p class='ocr_par' dir='ltr' id='par_1_6' title="bbox 62 2376 1506 2824">
     <span class='ocr_line' id='line_1_32' title="bbox 109 2376 1506 2422; baseline -0.005 -8"><span class='ocrx_word' id='word_1_265' title='bbox 109 2382 144 2421; x_wconf 89' lang='lat'><strong>7)</strong></span> <span class='ocrx_word' id='word_1_266' title='bbox 193 2380 288 2413; x_wconf 86' lang='lat' dir='ltr'><strong>Ann.</strong></span> <span class='ocrx_word' id='word_1_267' title='bbox 316 2379 414 2412; x_wconf 80' lang='lat' dir='ltr'><strong>OXX·</strong></span> <span class='ocrx_word' id='word_1_268' title='bbox 449 2379 485 2422; x_wconf 89' lang='grc' dir='ltr'>Ι,</span> <span class='ocrx_word' id='word_1_269' title='bbox 511 2380 598 2421; x_wconf 74' lang='lat'>429,</span> <span class='ocrx_word' id='word_1_270' title='bbox 626 2383 667 2418; x_wconf 85' lang='lat'><strong>7,</strong></span> <span class='ocrx_word' id='word_1_271' title='bbox 705 2381 763 2414; x_wconf 86' lang='lat' dir='ltr'><strong>Et.</strong></span> <span class='ocrx_word' id='word_1_272' title='bbox 792 2381 842 2414; x_wconf 83' lang='lat' dir='ltr'><strong>M.</strong></span> <span class='ocrx_word' id='word_1_273' title='bbox 875 2381 962 2421; x_wconf 79' lang='grc'>532,</span> <span class='ocrx_word' id='word_1_274' title='bbox 988 2381 1052 2422; x_wconf 70' lang='grc'>34,</span> <span class='ocrx_word' id='word_1_275' title='bbox 1090 2379 1150 2412; x_wconf 85' lang='lat' dir='ltr'><strong>Et.</strong></span> <span class='ocrx_word' id='word_1_276' title='bbox 1184 2378 1231 2412; x_wconf 87' lang='lat' dir='ltr'><strong>G.</strong></span> <span class='ocrx_word' id='word_1_277' title='bbox 1271 2378 1357 2418; x_wconf 81' lang='lat'>547,</span> <span class='ocrx_word' id='word_1_278' title='bbox 1386 2377 1427 2409; x_wconf 86' lang='lat'><strong>13</strong></span> <span class='ocrx_word' id='word_1_279' title='bbox 1461 2376 1506 2408; x_wconf 76' lang='lat' dir='ltr'><strong>dc</strong></span> 
     </span>
     <span class='ocr_line' id='line_1_33' title="bbox 62 2433 1506 2482; baseline -0.003 -13"><span class='ocrx_word' id='word_1_280' title='bbox 62 2436 238 2477; x_wconf 70' lang='grc' dir='ltr'><strong>φάανθενε</strong></span> <span class='ocrx_word' id='word_1_281' title='bbox 287 2438 366 2473; x_wconf 75' lang='grc' dir='ltr'><em>ἔθος</em></span> <span class='ocrx_word' id='word_1_282' title='bbox 399 2434 466 2482; x_wconf 69' lang='grc' dir='ltr'><strong>γάρ</strong></span> <span class='ocrx_word' id='word_1_283' title='bbox 499 2438 630 2478; x_wconf 75' lang='grc' dir='ltr'>ἔχουσιν</span> <span class='ocrx_word' id='word_1_284' title='bbox 662 2435 692 2470; x_wconf 81' lang='grc' dir='ltr'><strong>οἶ</strong></span> <span class='ocrx_word' id='word_1_285' title='bbox 722 2436 857 2475; x_wconf 76' lang='grc' dir='ltr'><em>Αἰολεῖς</em></span> <span class='ocrx_word' id='word_1_286' title='bbox 890 2438 946 2469; x_wconf 82' lang='grc' dir='ltr'><strong>καὶ</strong></span> <span class='ocrx_word' id='word_1_287' title='bbox 970 2437 1109 2482; x_wconf 70' lang='grc' dir='ltr'><strong>Δωριεῖς</strong></span> <span class='ocrx_word' id='word_1_288' title='bbox 1142 2433 1186 2468; x_wconf 80' lang='grc' dir='ltr'><strong>τὰ</strong></span> <span class='ocrx_word' id='word_1_289' title='bbox 1221 2436 1344 2475; x_wconf 71' lang='grc' dir='ltr'>ἔχοντα</span> <span class='ocrx_word' id='word_1_290' title='bbox 1368 2433 1506 2478; x_wconf 71' lang='grc' dir='ltr'><em>ῥήματα</em></span> 
     </span>
     <span class='ocr_line' id='line_1_34' title="bbox 63 2492 1505 2539; baseline -0.003 -12"><span class='ocrx_word' id='word_1_291' title='bbox 63 2493 125 2538; x_wconf 62' lang='grc' dir='ltr'><strong>τὴν</strong></span> <span class='ocrx_word' id='word_1_292' title='bbox 150 2493 295 2539; x_wconf 62' lang='grc' dir='ltr'>μετοχὴν</span> <span class='ocrx_word' id='word_1_293' title='bbox 320 2493 363 2530; x_wconf 70' lang='grc' dir='ltr'><strong>εἰς</strong></span> <span class='ocrx_word' id='word_1_294' title='bbox 384 2495 403 2527; x_wconf 71' lang='grc' dir='ltr'><em>ξ</em></span> <span class='ocrx_word' id='word_1_295' title='bbox 427 2492 503 2533; x_wconf 71' lang='grc' dir='ltr'><strong>μετ’</strong></span> <span class='ocrx_word' id='word_1_296' title='bbox 532 2493 637 2531; x_wconf 74' lang='grc' dir='ltr'><em>ὀξείας</em></span> <span class='ocrx_word' id='word_1_297' title='bbox 669 2493 794 2531; x_wconf 76' lang='grc' dir='ltr'>τάσεως</span> <span class='ocrx_word' id='word_1_298' title='bbox 819 2493 1034 2538; x_wconf 66' lang='grc' dir='ltr'><strong>σχηματίζειν</strong></span> <span class='ocrx_word' id='word_1_299' title='bbox 1056 2492 1100 2525; x_wconf 75' lang='grc' dir='ltr'><strong>τὰ</strong></span> <span class='ocrx_word' id='word_1_300' title='bbox 1126 2493 1229 2539; x_wconf 68' lang='grc' dir='ltr'><em>τρίτα</em></span> <span class='ocrx_word' id='word_1_301' title='bbox 1253 2494 1320 2524; x_wconf 85' lang='grc' dir='ltr'><strong>τῶν</strong></span> <span class='ocrx_word' id='word_1_302' title='bbox 1346 2493 1505 2535; x_wconf 46' lang='grc' dir='ltr'><strong>πληθιηκ</strong></span> 
     </span>
     <span class='ocr_line' id='line_1_35' title="bbox 62 2549 1503 2596; baseline -0.003 -12"><span class='ocrx_word' id='word_1_303' title='bbox 62 2555 163 2585; x_wconf 65' lang='grc' dir='ltr'>’τικῶν</span> <span class='ocrx_word' id='word_1_304' title='bbox 195 2551 253 2593; x_wconf 79' lang='grc' dir='ltr'><strong>(ὥς</strong></span> <span class='ocrx_word' id='word_1_305' title='bbox 275 2550 319 2583; x_wconf 76' lang='grc' dir='ltr'><strong>τὰ</strong></span> <span class='ocrx_word' id='word_1_306' title='bbox 346 2549 392 2595; x_wconf 72' lang='grc' dir='ltr'><strong>μὴ</strong></span> <span class='ocrx_word' id='word_1_307' title='bbox 416 2552 537 2592; x_wconf 69' lang='grc' dir='ltr'>ἔχοντα</span> <span class='ocrx_word' id='word_1_308' title='bbox 563 2552 648 2585; x_wconf 85' lang='lat' dir='ltr'><strong>add.</strong></span> <span class='ocrx_word' id='word_1_309' title='bbox 675 2552 810 2584; x_wconf 47' lang='lat' dir='ltr'><strong>Oxxo·</strong></span> <span class='ocrx_word' id='word_1_310' title='bbox 847 2549 955 2596; x_wconf 68' lang='grc' dir='ltr'><em>ὥςπερ</em></span> <span class='ocrx_word' id='word_1_311' title='bbox 989 2551 1043 2583; x_wconf 77' lang='grc' dir='ltr'><strong>καὶ</strong></span> <span class='ocrx_word' id='word_1_312' title='bbox 1066 2549 1105 2582; x_wconf 79' lang='grc' dir='ltr'><strong>τὸ</strong></span> <span class='ocrx_word' id='word_1_313' title='bbox 1134 2550 1315 2593; x_wconf 67' lang='grc' dir='ltr'><strong>κόσμηθεν.</strong></span> <span class='ocrx_word' id='word_1_314' title='bbox 1356 2567 1397 2573; x_wconf 85' lang='grc'>-</span> <span class='ocrx_word' id='word_1_315' title='bbox 1446 2549 1503 2580; x_wconf 69' lang='lat' dir='ltr'><strong>Fr.</strong></span> 
     </span>
     <span class='ocr_line' id='line_1_36' title="bbox 64 2605 1504 2653; baseline -0.003 -11"><span class='ocrx_word' id='word_1_316' title='bbox 64 2609 108 2642; x_wconf 87' lang='lat' dir='ltr'><strong>G.</strong></span> <span class='ocrx_word' id='word_1_317' title='bbox 140 2610 224 2651; x_wconf 85' lang='grc'>156,</span> <span class='ocrx_word' id='word_1_318' title='bbox 252 2611 296 2643; x_wconf 78' lang='grc'><strong>46</strong></span> <span class='ocrx_word' id='word_1_319' title='bbox 322 2610 439 2649; x_wconf 71' lang='grc' dir='ltr'>ἔσταν,</span> <span class='ocrx_word' id='word_1_320' title='bbox 479 2609 538 2641; x_wconf 78' lang='lat' dir='ltr'><strong>Et.</strong></span> <span class='ocrx_word' id='word_1_321' title='bbox 565 2609 614 2642; x_wconf 82' lang='lat' dir='ltr'><strong>M.</strong></span> <span class='ocrx_word' id='word_1_322' title='bbox 642 2610 725 2648; x_wconf 79' lang='lat'>418,</span> <span class='ocrx_word' id='word_1_323' title='bbox 753 2609 796 2642; x_wconf 86' lang='lat'><strong>25</strong></span> <span class='ocrx_word' id='word_1_324' title='bbox 830 2607 996 2653; x_wconf 70' lang='grc' dir='ltr'><strong>ἤγερθεν,</strong></span> <span class='ocrx_word' id='word_1_325' title='bbox 1036 2607 1093 2640; x_wconf 91' lang='lat' dir='ltr'><strong>ld.</strong></span> <span class='ocrx_word' id='word_1_326' title='bbox 1121 2608 1205 2645; x_wconf 82' lang='lat'>532,</span> <span class='ocrx_word' id='word_1_327' title='bbox 1231 2608 1275 2641; x_wconf 76' lang='grc'><strong>34</strong></span> <span class='ocrx_word' id='word_1_328' title='bbox 1306 2612 1341 2639; x_wconf 75' lang='lat' dir='ltr'><strong>et</strong></span> <span class='ocrx_word' id='word_1_329' title='bbox 1374 2606 1431 2639; x_wconf 83' lang='lat' dir='ltr'><strong>Et.</strong></span> <span class='ocrx_word' id='word_1_330' title='bbox 1460 2605 1504 2637; x_wconf 84' lang='lat' dir='ltr'><strong>G.</strong></span> 
     </span>
     <span class='ocr_line' id='line_1_37' title="bbox 63 2664 1506 2712; baseline -0.003 -12"><span class='ocrx_word' id='word_1_331' title='bbox 63 2668 147 2707; x_wconf 68' lang='lat'>534,</span> <span class='ocrx_word' id='word_1_332' title='bbox 173 2668 216 2700; x_wconf 82' lang='lat'><strong>22</strong></span> <span class='ocrx_word' id='word_1_333' title='bbox 240 2666 367 2712; x_wconf 60' lang='grc' dir='ltr'>τράφεν</span> <span class='ocrx_word' id='word_1_334' title='bbox 392 2672 427 2699; x_wconf 78' lang='lat' dir='ltr'><strong>et</strong></span> <span class='ocrx_word' id='word_1_335' title='bbox 453 2664 642 2708; x_wconf 72' lang='grc' dir='ltr'>κόσμηθεν,</span> <span class='ocrx_word' id='word_1_336' title='bbox 670 2665 807 2699; x_wconf 79' lang='lat' dir='ltr'><strong>Schotl.</strong></span> <span class='ocrx_word' id='word_1_337' title='bbox 837 2666 883 2698; x_wconf 91' lang='lat' dir='ltr'><strong>ll.</strong></span> <span class='ocrx_word' id='word_1_338' title='bbox 909 2679 940 2707; x_wconf 80' lang='grc' dir='ltr'><strong>γ,</strong></span> <span class='ocrx_word' id='word_1_339' title='bbox 968 2668 984 2698; x_wconf 88' lang='lat' dir='ltr'><strong>l</strong></span> <span class='ocrx_word' id='word_1_340' title='bbox 1011 2664 1197 2708; x_wconf 66' lang='grc' dir='ltr'>κόσμηθεν,</span> <span class='ocrx_word' id='word_1_341' title='bbox 1226 2665 1320 2698; x_wconf 86' lang='lat' dir='ltr'><strong>Ann.</strong></span> <span class='ocrx_word' id='word_1_342' title='bbox 1347 2665 1446 2698; x_wconf 82' lang='lat' dir='ltr'><strong>Oxx.</strong></span> <span class='ocrx_word' id='word_1_343' title='bbox 1479 2664 1506 2704; x_wconf 83' lang='lat' dir='ltr'><strong>l,</strong></span> 
     </span>
     <span class='ocr_line' id='line_1_38' title="bbox 65 2720 1506 2764; baseline -0.003 -6"><span class='ocrx_word' id='word_1_344' title='bbox 65 2726 106 2764; x_wconf 82' lang='lat'><strong>9,</strong></span> <span class='ocrx_word' id='word_1_345' title='bbox 133 2724 172 2756; x_wconf 88' lang='lat'><strong>21</strong></span> <span class='ocrx_word' id='word_1_346' title='bbox 200 2720 415 2764; x_wconf 75' lang='grc' dir='ltr'><strong>ἀπέψυχθεν.</strong></span> <span class='ocrx_word' id='word_1_347' title='bbox 442 2743 488 2749; x_wconf 87' lang='lat'>-</span> <span class='ocrx_word' id='word_1_348' title='bbox 527 2722 709 2756; x_wconf 77' lang='lat' dir='ltr'><strong>Perverse</strong></span> <span class='ocrx_word' id='word_1_349' title='bbox 734 2724 828 2756; x_wconf 72' lang='lat' dir='ltr'><strong>Ann.</strong></span> <span class='ocrx_word' id='word_1_350' title='bbox 857 2724 955 2756; x_wconf 86' lang='lat' dir='ltr'><strong>Oxx.</strong></span> <span class='ocrx_word' id='word_1_351' title='bbox 985 2722 1044 2761; x_wconf 88' lang='lat'><strong>11,</strong></span> <span class='ocrx_word' id='word_1_352' title='bbox 1070 2724 1158 2764; x_wconf 79' lang='lat'><strong>359,</strong></span> <span class='ocrx_word' id='word_1_353' title='bbox 1186 2724 1225 2756; x_wconf 84' lang='lat'><strong>11</strong></span> <span class='ocrx_word' id='word_1_354' title='bbox 1253 2723 1327 2755; x_wconf 74' lang='grc' dir='ltr'>ἔδον</span> <span class='ocrx_word' id='word_1_355' title='bbox 1351 2722 1407 2754; x_wconf 83' lang='grc' dir='ltr'><strong>καὶ</strong></span> <span class='ocrx_word' id='word_1_356' title='bbox 1430 2724 1506 2754; x_wconf 86' lang='grc' dir='ltr'><strong>Λω-</strong></span> 
     </span>
     <span class='ocr_line' id='line_1_39' title="bbox 65 2781 312 2824; baseline 0.008 -14"><span class='ocrx_word' id='word_1_357' title='bbox 65 2782 162 2824; x_wconf 78' lang='grc' dir='ltr'><strong><em>ρικῶς</em></strong></span> <span class='ocrx_word' id='word_1_358' title='bbox 183 2781 312 2814; x_wconf 73' lang='grc' dir='ltr'><strong>ἔδοσαν.</strong></span> 
     </span>
    </p>
   </div>
  </div>
 </body>
</html>
