1779 3079
443 214 484 273 §.
517 215 594 264 30.
663 216 737 262 De
769 213 1087 260 declinatione
1122 213 1203 260 Ill.
1458 212 1558 261 235

684 347 962 391 Pluralis.

99 420 227 464 Nom.
262 421 400 474 γένεα,
433 436 518 463 rec.
550 420 645 472 γένη
856 416 1072 468 συγγενέες,
1102 431 1189 456 ree.
1219 416 1416 468 συγγενεῖς
1438 416 1452 455 (
1461 431 1555 467 συγ-

890 482 1016 536 γενές)
1092 499 1135 523 n.
1188 483 1405 536 συγγενέα,
1465 498 1551 523 rec.

896 552 1064 603 συγγενῆ

104 623 216 665 Gen.
268 623 432 677 γενέων,
474 619 617 662 Rhod.
659 620 794 662 Ther.
860 619 1101 672 συγγενέων,
1135 617 1278 659 Rhod.
1306 618 1441 660 Ther.
1471 627 1551 661 ete.

301 697 380 730 ete.
415 691 540 742 γενῶν
901 689 1098 739 συγγενῶν

98 757 199 800 Dat.
260 758 465 811 γενέεσσι,
498 757 628 810 γένεσι
857 754 1135 808 συγγενέεσσι,
1170 753 1377 806 συγγενέσι

98 826 206 867 Ace.
258 826 397 879 γένεα,
433 840 519 866 rec.
554 824 644 878 γένη
861 823 1101 876 συγγενέας,
1140 837 1228 863 rec,
1264 821 1463 874 συγγενεῖς

894 906 939 931 n.
975 891 1187 943 συγγενέα,
1243 905 1331 931 rec.
1369 891 1551 942 συγγενῆ.

98 971 246 1013 Dativi
287 971 472 1029 pluralis
512 970 754 1029 exemplum
795 969 839 1011 in
882 969 1131 1028 purioribus
1174 968 1366 1009 fontibus
1407 969 1555 1025 legere

95 1056 183 1082 nou
214 1039 519 1094 meminimus3
579 1039 725 1096 itaque
769 1038 1005 1079 secuudum
1046 1038 1287 1095 analogiam
1331 1036 1555 1078 finximus.

96 1108 319 1165 Longiore
350 1108 484 1149 forma
514 1106 694 1160 γενέεσσι
724 1106 994 1164 antiquiores
1024 1106 1164 1147 Dores
1202 1121 1303 1147 usos
1333 1114 1554 1163 putamus.

96 1203 151 1209 —
209 1175 308 1218 Non
339 1174 501 1216 Dorica
544 1182 643 1216 suut
677 1174 928 1216 heteroclita
948 1206 960 1228 ‚
1009 1190 1119 1231 quae
1152 1174 1196 1214 iu
1228 1174 1475 1215 recentibus
1506 1172 1556 1214 ti-

95 1244 201 1285 tulis
230 1245 464 1301 leguntur:
506 1243 750 1297 Θηραμένου
780 1242 825 1283 in
858 1242 1182 1299 Pholegandrio
1214 1241 1363 1283 Rossii
1393 1258 1460 1283 nr.
1483 1242 1556 1293 29,

100 1312 365 1366 Φερεκράτου
394 1311 570 1368 Anaph.
603 1327 670 1352 nr.
706 1312 732 1353 7
762 1310 819 1352 R.
865 1310 1149 1365 (Ἐχεκράτου
1180 1310 1224 1351 in
1259 1309 1395 1352 Ther.
1427 1310 1554 1353 2448.

95 1380 185 1431 ΙΙΙ,
217 1381 299 1434 21,
346 1381 462 1437 quod
496 1386 644 1421 contra
677 1378 818 1436 ipsius
849 1379 967 1421 tituli
998 1378 1357 1421 consuetudinem
1389 1387 1554 1436 peccat,

94 1449 359 1507 corruptelae
405 1454 653 1504 suspectum
695 1449 801 1501 est)3
848 1447 1005 1489 deinde
1048 1447 1351 1500 Ἀριστομείνην
1379 1447 1553 1504 Anaph.

92 1517 234 1567 2478,
296 1518 560 1570 Στρατοκλῆν
600 1516 760 1573 Astyp.
803 1516 939 1569 2488,
999 1515 1218 1567 Διομήδην
1260 1515 1304 1556 in
1346 1530 1557 1556 marmore

94 1584 361 1626 Farnesiano
384 1591 494 1637 ete.‚
527 1583 746 1625 vocativus
768 1583 973 1637 Σωκράτη
1005 1592 1047 1625 et
1078 1583 1236 1625 similia
1263 1582 1419 1641 Argiv.
1447 1583 1557 1626 1148

96 1667 218 1709 seqq.
282 1651 507 1692 Contraria
538 1651 704 1692 ratione
738 1659 918 1708 peccant
940 1653 1208 1699 Βασιλείδης
1237 1651 1283 1691 in
1312 1651 1440 1693 titulo
1463 1650 1555 1692 Coo

95 1734 161 1760 nr.
196 1719 306 1761 2513
338 1728 379 1760 et
409 1719 583 1760 Rhodio
612 1719 751 1771 2546,
783 1719 1017 1772 :societatem
1048 1720 1190 1761 Rhod.
1227 1720 1354 1769 2534,
1388 1726 1430 1761 et
1460 1718 1555 1776 ipsa

94 1786 283 1828 recentia
320 1794 448 1845 atque
487 1787 539 1828 ab
570 1786 786 1840 Ionibus,
847 1788 884 1830 si
926 1787 1033 1846 quid
1071 1788 1301 1841 videmus,
1360 1795 1551 1845 accepta.

92 1852 202 1895 Nam
232 1854 443 1896 Doricum
475 1856 727 1902 Βασιλείὸας
767 1854 881 1896 haud
922 1855 1049 1898 facile
1081 1855 1133 1897 ad
1163 1855 1333 1898 tertiam
1364 1855 1553 1898 declina-

92 1920 252 1963 tionem
285 1922 428 1964 delabi
458 1930 638 1980 poterat.

202 1989 347 2031 Voces
378 2006 474 2031 cum
508 1991 624 2039 κλέος
655 1991 918 2050 compositae
947 1991 1112 2049 ubique
1140 2008 1155 2032 ε
1182 1992 1391 2048 ejiciunt:
1423 1990 1549 2032 Nom.

90 2057 307 2110 ‘Hpauhfg
338 2057 496 2116 Sophr.
528 2053 596 2101 ³27.
633 2060 714 2102 100
744 2068 825 2101 etc.
869 2085 921 2091 ——
983 2060 1094 2101 Gen.
1132 2060 1397 2110 Ἵπποκλέος,
1444 2064 1551 2101 Λιο-

95 2123 211 2172 κλέος
245 2131 326 2166 etc.
366 2125 411 2167 in
454 2126 635 2183 Tegeat.
668 2127 889 2186 Megalop.
923 2127 1151 2169 Hermiou.
1185 2128 1352 2184 Megar.
1386 2128 1547 2169 Acarn.

94 2189 271 2248 Corcyr.
307 2191 424 2234 Cret,
456 2194 616 2253 Agrig.
653 2195 749 2237 Gel.
784 2197 919 2250 Aen,
967 2203 1009 2238 et
1050 2204 1267 2239 contracte
1297 2199 1548 2248 Σωσικλεῦς,

96 2262 335 2314 Χαρικλεῦς
365 2260 410 2301 in
438 2261 577 2304 titulis
606 2263 820 2318 Rhodiis,
854 2264 1090 2321 Cyrenaeis
1113 2272 1194 2306 etc.
1228 2264 1316 2306 vid.
1341 2264 1383 2317 ἕ.
1401 2263 1472 2316 26,
1496 2262 1550 2317 33

93 2342 312 2384 nunquam
342 2331 582 2379 Σωσικλοῦς
610 2332 680 2373 vel
713 2332 872 2374 similia
903 2333 1124 2390 leguntur.
1194 2333 1412 2374 Pindarus
1443 2331 1550 2373 adeo

92 2393 210 2442 κλεός
240 2393 351 2436 dixit
378 2411 456 2452 pro
487 2398 622 2447 κλέεος
654 2401 889 2442 seeundum
923 2400 1088 2443 Scholl.
1119 2400 1246 2441 Nem.
1282 2400 1342 2452 ΙΙ,
1368 2399 1439 2452 77,
1473 2398 1545 2440 Et.

92 2461 155 2503 Μ.
190 2462 288 2515 517,
320 2462 401 2516 25,
433 2464 504 2505 Et.
542 2464 595 2506 G.
627 2466 726 2520 326,
759 2468 799 2509 3.
834 2495 886 2500 -
946 2468 1047 2511 Dat.
1078 2468 1313 2517 Φαινοκλεῖ,
1353 2468 1553 2518 Θαμικλεῖ

95 2527 275 2586 Corcyr.
311 2531 420 2573 1840
449 2538 562 2584 ete.,
614 2533 724 2575 Ace.
756 2537 967 2577 [Μενεκλέα
999 2535 1116 2577 Cret.
1152 2535 1276 2577 3052.
1350 2534 1548 2576 Vocativi

95 2597 337 2654 exemplum
367 2598 412 2639 in
442 2599 694 2656 purioribus
723 2603 918 2644 fontibus
949 2619 1035 2644 nou
1075 2603 1319 2660 reperitur3
1371 2601 1447 2643 sed
1485 2602 1547 2645 vi·

94 2663 217 2706 detur
237 2665 451 2716 ‘'Hpauaeg
483 2666 693 2710 Doricum
724 2686 835 2712 esse.
877 2695 930 2701 -—
990 2671 1172 2712 Plenior
1202 2671 1338 2712 forma
1371 2669 1416 2711 in
1445 2670 1545 2711 titu-

92 2730 150 2772 lis
176 2733 422 2776 recentibus
464 2735 657 2792 vulgaris
697 2737 875 2796 ling-uae
915 2746 1008 2791 est,
1053 2745 1101 2779 ut
1129 2738 1262 2779 Ther.
1293 2737 1406 2780 2557
1434 2737 1544 2780 'loo-

94 2798 255 2854 κλέους,
304 2802 415 2844 2473
455 2804 731 2852 Σωσικλέους.
807 2805 844 2846 Ε
879 2802 1184 2848 Timocreonte
1221 2807 1543 2859 Θεμιστοκλέους
