1779 3079
319 171 360 230 §.
387 170 466 218 44.
519 171 591 217 De
618 167 860 217 adverbiis
889 167 985 215 loci
1012 177 1057 214 et
1081 166 1328 229 temporis.
1448 166 1546 216 363

98 313 302 348 accentus
332 306 638 364 proprietatem
669 321 756 347 non
787 304 1050 362 expressit),
1094 305 1217 347 illinc
1247 305 1445 347 restituas
1475 306 1546 347 ad-

98 373 294 415 verbium
342 376 515 432 ἑκατερῇ
553 375 599 416 in
639 374 756 416 Cret.
789 373 928 426 2554,
970 372 1023 413 54
1064 376 1101 413 οἱ
1145 376 1371 428 πρείγιστοι
1409 377 1445 415 οἱ
1484 375 1549 414 ἐπὶ

102 439 290 493 εὐνομίας
320 442 509 496 ἑκάτεροι
541 442 788 495 ἔρευνεόνῖες
826 443 896 480 καῖ
928 441 1207 491 ῥυθμίζοντες.
1250 465 1303 472 --·
1360 441 1410 482 ln
1442 440 1548 498 Epi-

95 509 311 561 menidis,
346 526 456 567 quac
486 510 643 562 fertur,
676 508 860 566 epistola
890 507 943 548 ad
973 508 1199 548 Platonem
1231 507 1366 566 Diog.
1399 508 1546 550 Laert-

96 575 141 629 I,
178 577 257 619 113
296 578 399 618 hacc
437 578 664 633 leguntur:
729 574 819 617 ἀλλ’
863 578 958 630 ἕρπε
999 576 1040 623 ἐς
1070 573 1251 628 Κρήτην.
1311 579 1434 617 τουτᾶ
1469 575 1548 629 γάρ

97 642 169 684 οὐκ
201 645 351 685 ἐσεῖταί
377 661 441 686 τοι
475 643 605 692 demde
637 645 657 685 ὁ
689 643 923 698 μόναρχος·
971 645 1015 683 αἰ
1053 643 1097 682 δέ
1120 660 1176 691 πη
1207 645 1372 693 πλατείη
1406 643 1551 699 ἐγκύρ-

99 713 223 751 σωντί
261 729 326 753 τοι
362 711 469 761 τήνω
509 715 571 754 τοὶ
612 713 755 763 φίλοι,
814 711 1003 763 δειμαίνω
1047 709 1100 763 μή
1145 727 1183 750 τι
1226 708 1356 751 κακόν
1389 711 1547 769 πάθῃς.

95 779 183 821 Pro
222 778 432 821 librorum
479 787 521 821 et
564 779 839 838 antiquarum
878 778 1117 820 editionum
1156 777 1345 820 lectione
1385 781 1550 829 πλατείη

96 846 167 888 vel
204 849 368 904 πλατείῃ
414 847 678 888 Huebnerus
708 846 987 888 Valckenarii
1025 846 1316 901 conjecturam
1349 844 1416 885 ἐπ’
1452 845 1552 887 ἀλα-

95 915 180 965 τείᾳ
217 914 407 972 recepit,
455 931 535 956 nos
576 915 691 956 haud
730 921 981 955 cunctanter
1017 913 1286 954 restituimus
1326 917 1367 953 αἱ
1406 914 1451 954 δέ
1483 931 1549 964 πη

95 984 318 1033 namin,
373 981 565 1024 sicubi
596 981 653 1022 in
680 982 925 1036 vicinia,
969 989 1016 1022 ut
1047 981 1102 1023 sit
1131 981 1382 1022 adverbium
1409 981 1498 1024 loci
1527 999 1552 1024 a

95 1049 261 1091 Dorico
299 1052 467 1098 πλατίος
506 1064 586 1107 pro
624 1051 818 1099 πλησίο
836 1067 870 1097 ς.
931 1049 1100 1090 Ibidem
1132 1065 1209 1106 pro
1238 1051 1362 1091 τουτᾶ
1391 1050 1553 1107 corrigi

96 1125 294 1175 oportere
317 1118 489 1160 videtur
506 1120 654 1171 ‘cot-175,
687 1133 827 1174 neque
853 1117 970 1159 enim
993 1116 1186 1158 adverbii
1206 1117 1294 1159 loci
1323 1117 1369 1158 in
1397 1134 1551 1176 quem

94 1186 274 1241 agnosci
315 1200 444 1243 posse
490 1184 604 1225 infra
647 1185 909 1226 videbimus.
957 1212 1011 1217 —-
1068 1184 1241 1226 Deinde
1291 1186 1554 1243 epigramma

51 1288 53 1296 Α
95 1252 365 1294 Laconicum
395 1252 560 1310 legitur
589 1253 704 1310 apud
734 1253 964 1295 Pollucem
996 1252 1077 1306 IV,
1102 1252 1182 1294 102
1209 1253 1319 1307 χίλιά
1349 1270 1459 1295 ποκα
1489 1256 1555 1308 βί-

95 1326 212 1374 βαντι
241 1322 410 1362 πλεῖστα
443 1320 491 1370 ὁὴ
533 1323 612 1361 τῶν
649 1319 870 1371 πήποκα
910 1320 940 1361 i.
975 1336 1014 1361 e.
1056 1320 1219 1378 plura
1259 1337 1416 1379 quam
1457 1338 1553 1364 us-

94 1405 247 1446 quam
292 1395 344 1431 et
383 1404 636 1446 unquam.
709 1388 956 1430 Meinehius
1000 1388 1053 1429 ad
1094 1388 1282 1430 Tlicocr.
1324 1389 1460 1436 VIII,
1498 1390 1554 1432 64

94 1456 256 1514 corrigi
281 1456 411 1512 jubet
441 1456 638 1507 πάποκα,
686 1472 796 1514 quac
827 1473 912 1498 vox
941 1463 1056 1498 essct
1085 1471 1162 1512 pro
1192 1456 1362 1512 vulgari
1391 1457 1554 1499 πώποτε

94 1524 185 1566 vid.
218 1525 330 1566 infra
362 1541 427 1566 nr.
460 1524 502 1566 6.
573 1524 807 1566 Librorum
836 1532 978 1566 tamen
1007 1523 1240 1565 lectionem
1271 1532 1313 1565 et
1340 1526 1555 1583 Hesycliii

96 1592 241 1649 glossa
281 1609 381 1642 πηι,
427 1591 538 1634 πόκα
574 1599 740 1642 tuctur,
787 1608 914 1649 qnam
953 1591 1123 1641 πήποκα
1154 1591 1427 1634 scribendam
1456 1609 1554 1635 esse

94 1667 137 1701 et
175 1660 604 1716 interpretamentum
643 1660 918 1702 intercidisse
950 1659 1152 1717 Toupius
1190 1659 1434 1714 intellexit,
1481 1661 1553 1703 dc-

93 1727 197 1769 inde
238 1728 448 1769 librorum
492 1744 731 1770 consensus
772 1727 886 1784 apud
915 1727 1197 1768 Theocritum
1230 1727 1365 1781 VIII,
1402 1729 1456 1770 34
1495 1732 1555 1779 πῆ

95 1812 205 1837 ποκα
243 1795 572 1853 praebentium,
619 1795 734 1852 quod
765 1794 1048 1837 WVintertono
1091 1795 1262 1836 demum
1303 1803 1476 1838 auctore
1507 1797 1553 1838 in

93 1866 153 1903 πᾶ
181 1880 291 1904 ποκα
320 1864 390 1906 vel
420 1862 593 1905 πάποκα
625 1870 833 1904 mutatum
877 1869 969 1916 est,
1014 1870 1234 1918 postremo
1263 1862 1356 1912 XI,
1389 1864 1444 1906 64
1474 1880 1552 1922 pro

97 1931 273 1989 vulgata
313 1930 372 1971 πά
412 1948 522 1972 ποκα
564 1936 695 1973 (rece.
735 1932 796 1970 πᾶ
832 1946 968 1979 ποκα,
1014 1932 1074 1981 πᾷ
1115 1947 1250 1979 ποκα,
1296 1930 1486 1986 πάποκα)
1530 1949 1553 1974 e

94 1998 244 2056 paucis
289 1997 417 2040 honis
458 1998 584 2040 libris
627 2001 688 2048 πῆ
730 2015 840 2039 ποκα
889 2005 1101 2039 enotatur.
1189 1998 1324 2054 Apud
1368 1999 1553 2041 eundem

97 2065 380 2108 Theocritum
411 2068 505 2115 τῇδε
534 2066 605 2109 vel
634 2067 728 2123 τῇδε
759 2065 804 2106 in
836 2066 944 2108 locis
978 2081 1107 2124 snpra
1135 2066 1294 2107 notatis
1325 2067 1427 2109 olim
1458 2069 1551 2109 vul-

100 2132 280 2190 gabatur
308 2148 386 2190 pro
418 2135 520 2174 τεῖὸε
550 2140 591 2174 ct
621 2135 769 2182 τεῖνὸε,
815 2141 1032 2192 praeterea
1070 2133 1115 2174 in
1145 2135 1371 2176 nonnullis
1403 2135 1551 2176 melio-

97 2201 219 2242 ribus
250 2200 377 2241 libris
407 2217 484 2258 pro
514 2202 608 2252 τᾷδε
637 2202 904 2258 conspicitur
926 2201 986 2254 V,
1020 2201 1073 2243 50
1105 2209 1146 2242 ct
1175 2201 1280 2254 XV,
1316 2202 1419 2254 HS,
1453 2203 1553 2258 qui—

97 2269 181 2311 bus
212 2268 259 2310 in
290 2269 398 2311 locis
430 2268 519 2309 hie
548 2270 815 2325 postulatur,
847 2285 934 2311 non
965 2270 1096 2322 hnc,
1128 2269 1230 2310 item
1260 2272 1318 2317 πῆ
1347 2269 1393 2308 in
1423 2269 1552 2311 bonis

98 2336 357 2394 quibusdam
389 2335 514 2377 libris
550 2346 616 2378 cst
643 2353 721 2394 pro
751 2340 810 2377 πᾶ
838 2337 876 2390 I,
900 2336 979 2390 66,
1013 2336 1088 2376 nbi
1119 2344 1349 2393 utrumque
1377 2337 1551 2380 tolerari

96 2410 264 2461 potest,
309 2411 524 2460 postremo
565 2404 670 2453 ὅπη,
716 2404 833 2456 ubi,
872 2413 938 2446 est
967 2404 1172 2455 XXVII,
1203 2403 1256 2444 43
1287 2403 1332 2444 in
1361 2405 1550 2447 carmine

99 2471 345 2512 incertioris
375 2471 445 2513 vel
476 2471 649 2512 dialecti
690 2472 760 2513 vel
789 2472 1008 2513 lectionis.
1082 2471 1211 2512 Haud
1249 2487 1379 2528 parva
1416 2472 1551 2528 igitur

96 2538 307 2580 librorum
346 2539 604 2585 ,auctoritate
643 2539 877 2581 Theocrito
924 2540 1050 2581 etiam
1096 2537 1326 2580 severioris
1368 2539 1550 2581 Doridis

97 2606 260 2648 formae
300 2606 345 2647 in
386 2625 409 2656 η
457 2614 663 2648 exeuntes
703 2607 1007 2660 vindicantur,
1064 2621 1309 2663 quanquam
1355 2609 1468 2657 τηνεῖ
1508 2615 1550 2649 ct

97 2675 230 2715 τουτεῖ
247 2691 456 2732 nusquam
477 2675 691 2716 mitiorem
712 2674 1080 2732 Syracusanorum
1110 2673 1378 2731 relinquunt.
1427 2675 1547 2729 Quid

102 2741 154 2782 de
193 2741 376 2799 reliquis
409 2742 694 2798 judicandum
740 2742 820 2793 sit,
866 2758 981 2783 nunc
1026 2741 1265 2783 accuratius
1306 2742 1547 2801 disquirere
