1779 3079
0 2139 18 3079 mss—W*—-

363 191 402 251 §.
434 192 509 241 25.
576 192 649 239 De
679 211 744 248 εε,
781 211 848 247 60,
890 210 940 236 00
979 192 1252 238 contractis.
1427 192 1526 241 205

89 343 213 381 κροον
242 324 563 368 rescribendum
595 324 788 377 videtur,
835 339 915 364 nee
945 322 1208 365 Laconicum
1247 331 1311 366 est
1345 327 1528 380 φροῦδος

15 433 17 437 ,
87 412 127 437 v.
164 395 258 437 106.
338 393 551 434 Addimus
591 392 659 434 hie
690 391 813 433 etiam
853 391 1079 444 λωτρόν,
1130 390 1297 433 δειλινὸν
1329 392 1523 445 ἄλειμμα·

86 462 286 510 Λάκωνες
330 462 520 519 Hesych.
563 467 604 501 et
640 457 906 512 λωτήριον
949 458 1123 499 Hel-acl.
1172 459 1216 511 Ι,
1262 461 1367 513 136,
1418 459 1528 519 quae

87 538 189 571 sunt
219 545 296 587 pro
328 527 520 582 λουτρόν,
553 526 765 580 λουτήριον
796 542 818 566 e
851 524 1040 578 λυπρόν,
1073 525 1295 577 λ()<<ῑν,’ριου.
1356 529 1528 572 Postre-

86 613 155 639 mo
189 598 230 638 in
265 597 375 638 crasi
405 594 580 635 eandem
612 594 753 650 leg-em
786 594 928 634 valere
960 592 1202 634 videbimus
1233 594 1273 646 ξ.
1298 596 1366 637 27.

196 667 240 715 4)
292 664 448 705 Contra
480 661 626 703 mitior
645 661 778 702 Doris
807 661 851 701 in
882 660 972 702 illis
1000 660 1200 702 omnibus
1232 676 1328 703 cum
1350 664 1528 706 Atthide

90 741 132 774 et
166 732 261 773 {ade
293 748 338 772 00
369 736 411 771 et
442 746 483 770 οε
514 729 558 769 in
591 746 637 770 ου
669 728 911 786 conjungit.

196 800 237 849 a)
296 797 488 838 Primum
529 796 767 852 genitivum
808 795 1110 837 declinationis
1149 798 1362 839 secundae
1401 798 1447 839 in
1482 816 1529 841 ου

83 873 310 908 exeuntem
344 864 387 905 hi
418 864 533 905 tituli
565 864 792 905 exhibent:
837 864 1043 906 Laconici
1074 865 1364 919 recentiores,
1410 865 1531 908 Mes-

86 949 176 976 sen.
207 933 316 989 Arg.
351 933 578 974 Hermion.
623 931 794 973 Calaur.
838 931 997 988 Aeg-in.
1039 931 1254 989 Megalop.
1293 933 1473 991 Tegeat.
1504 935 1531 975 2

85 1001 215 1042 Ross.
248 1000 408 1057 Megar.
437 1000 597 1057 Delph.
633 998 781 1053 (ctiam
805 999 1069 1056 antiquiores
1094 1000 1361 1053 1688.169Ο)
1392 1002 1528 1043 Phoc.

84 1069 215 1110 Locr.
249 1068 393 1109 Aetol.
428 1067 587 1108 Acarn.
621 1066 855 1108 Thaumac.
890 1066 1064 1124 Coi-cyr.
1102 1095 1156 1098 —
1196 1068 1337 1110 Rhod.
1370 1068 1527 1126 Astyp.

84 1137 258 1193 Anaph.
290 1134 486 1192 Calymn.
521 1135 654 1175 Ther.
688 1134 793 1176 Mel.
826 1134 1007 1191 Byzant.
1038 1134 1243 1177 Chalced.
1271 1136 1527 1178 Messembr.

84 1228 138 1234 —
177 1211 391 1261 postremo
430 1217 577 1243 omnes
620 1201 785 1252 Siculi,
837 1210 883 1243 ut
912 1202 1070 1259 Agrig.
1104 1202 1201 1244 Gel.
1240 1203 1387 1260 Syl-ac.
1425 1204 1529 1246 Aer.

85 1270 293 1312 Tauroni.
323 1271 470 1312 Alaes.
489 1300 501 1322 ‚
533 1285 630 1311 eum
659 1269 906 1310 Issensihus
938 1277 978 1310 et
1009 1286 1216 1312 marmore
1250 1272 1530 1326 Famesiano,

85 1339 211 1394 cujus
252 1338 387 1395 patria
426 1339 543 1379 latet.
618 1337 668 1377 Iu
709 1337 776 1378 his
817 1337 1015 1378 omnihus
1059 1339 1274 1395 genitivus
1306 1340 1350 1380 in
1382 1357 1412 1379 ω
1446 1355 1531 1380 non

85 1405 245 1461 legitur
274 1404 358 1445 nisi
387 1421 463 1462 per
491 1405 776 1462 corruptelam
809 1405 940 1463 idque
969 1405 1201 1446 rarissime.
1263 1406 1325 1447 Ita
1356 1407 1402 1448 in
1427 1407 1532 1449 Cor·

55 1495 58 1498 ⁴
86 1488 175 1530 cyr.
204 1472 311 1515 1840
342 1473 371 1513 l.
394 1474 445 1515 12
474 1473 675 1514 traditum
706 1480 770 1513 est
792 1489 1243 1527 ἑυμιιόηαποῑωιπορωι
1263 1490 1417 1528 εσχατω
1439 1506 1447 1515 .
1471 1506 1481 1515 .
1502 1505 1512 1515 .

90 1540 202 1582 unde
233 1540 476 1581 Boeckliius
507 1540 669 1581 effinxit
709 1541 888 1595 (πλέθρα
930 1542 1057 1581 duan
1096 1540 1185 1592 δύο)
1227 1543 1267 1583 ἐν
1296 1544 1420 1595 le'vq)
1452 1541 1531 1583 ἀπὸ

88 1611 145 1648 τῶ
189 1607 306 1660 πόρω
347 1607 517 1661 ἐσχάτω.
600 1607 686 1649 Sed
715 1607 828 1648 haud
859 1615 1109 1649 cunctanter
1138 1609 1368 1665 legendum
1400 1617 1466 1652 est
1495 1611 1536 1650 ἐν

89 1678 257 1726 Mwon'q.
289 1678 418 1726 ποττῷ
448 1674 564 1728 πόρῳ
595 1674 775 1729 ἐσχάτῳ,
810 1676 865 1715 cf.
900 1676 929 1717 l.
954 1676 1001 1716 17
1033 1676 1191 1728 πλέθρα
1223 1676 1264 1724 ἓξ
1294 1680 1420 1729 ποῖτᾷ
1439 1684 1536 1718 Κω-

89 1745 211 1796 μικοῦ
242 1750 283 1783 et
316 1742 475 1783 similia
505 1742 550 1782 in
580 1741 708 1783 titulo
739 1742 927 1784 Aci-ensi
955 1759 1020 1783 nr.
1052 1743 1105 1796 3,
1137 1750 1183 1783 ut
1211 1744 1242 1785 l.
1278 1745 1329 1786 12
1359 1745 1398 1785 ἐν
1423 1744 1537 1785 Βάλ-

93 1827 145 1862 σᾳ
177 1812 268 1851 ποτὶ
296 1812 350 1861 τῷ
377 1808 625 1863 Ἀρτεμισίῳ
670 1810 894 1861 (scribitur
923 1827 1109 1858 ποπῑωι,
1158 1811 1271 1868 quod
1315 1812 1419 1870 quid
1463 1811 1536 1863 sit,

92 1876 389 1934 Goettlingius
428 1877 610 1931 nescit),
658 1878 688 1919 l.
723 1878 775 1919 13
816 1881 907 1919 ποτὶ
952 1879 1164 1932 φρητιόις,
1190 1879 1236 1930 ,1.
1269 1880 1321 1922 21
1360 1882 1451 1921 ποτὶ
1485 1882 1539 1932 τῷ

93 1946 209 1996 οἴνῳ,
256 1945 287 1986 l.
319 1945 373 1987 23
403 1947 494 1986 ποτὶ
531 1948 584 1997 τῷ
621 1943 875 1998 Ἀρτεμιτίῳ.
954 1945 1082 1999 Quod
1111 1946 1157 1987 in
1187 1946 1312 1989 titulo
1345 1947 1539 2006 Opuntio

91 2027 157 2053 nr.
190 2011 325 2065 1752,
369 2012 444 2069 qui
473 2011 662 2069 pessima
692 2012 775 2053 fide
809 2028 831 2053 a
861 2012 1040 2054 Meletio
1069 2013 1251 2055 traditus
1282 2023 1374 2070 est,
1421 2014 1535 2068 δάμω

93 2087 135 2120 et
162 2078 385 2132 Ἐροὸάμω
414 2080 646 2136 leguntur,
684 2079 807 2121 flocci
840 2080 1085 2121 faciendum
1116 2089 1195 2122 est.

205 2146 303 2188 Non
346 2147 488 2188 minus
534 2147 726 2205 vulg-aris
771 2148 955 2205 genitivi
1001 2148 1135 2190 forma
1179 2149 1340 2206 ubique
1383 2149 1543 2206 legitur

96 2213 208 2270 apud
239 2213 410 2255 Siculos
435 2214 765 2271 Epicharmum,
801 2214 1094 2272 Sophronem‚
1126 2216 1414 2258 Dinolochum
1448 2218 1543 2270 (κα-

94 2283 267 2329 πηλικοῦ
299 2283 419 2333 ζυγοῦ
440 2282 555 2323 Poll.
581 2282 643 2335 Χ,
668 2283 794 2335 177),
827 2283 1149 2324 Archimedem.
1212 2284 1402 2326 Tantum
1433 2285 1543 2341 apud

97 2347 402 2404 Epicharmum
434 2348 487 2389 fr.
511 2348 565 2390 95
595 2351 726 2407 vulgo
757 2350 961 2391 scribitur
990 2353 1084 2404 περὶ
1112 2349 1312 2404 τσῖγαθῶ,
1346 2352 1422 2393 ubi
1451 2353 1544 2395 vul-

97 2430 243 2471 garem
287 2415 467 2471 genitivi
507 2416 685 2457 formam
727 2433 814 2458 non
857 2418 951 2459 sine
990 2417 1198 2460 librorum
1239 2435 1319 2475 ope
1356 2419 1544 2461 restitui-

98 2498 222 2535 mus3
284 2482 439 2523 deinde
470 2481 626 2540 Sophr.
661 2484 713 2526 10
751 2486 863 2541 apud
903 2485 1053 2542 Apoll.
1097 2485 1150 2527 de
1189 2501 1311 2541 pron.
1353 2502 1396 2543 p.
1428 2486 1483 2529 45
1523 2504 1547 2529 a

100 2549 295 2591 Bekkero
335 2549 496 2590 editum
540 2558 603 2591 est
644 2552 949 2604 καθαιρημεύος
987 2558 1070 2602 θην
1111 2555 1180 2593 καὶ
1218 2555 1337 2601 τῆνος·
1376 2553 1454 2595 ὑπὸ
1494 2558 1549 2608 τῷ

101 2617 258 2671 χρόνῳ,
301 2617 374 2658 ubi
405 2617 714 2674 praetulimus,
758 2620 873 2676 quod
902 2620 949 2660 in
979 2619 1211 2677 Excerptis
1241 2620 1472 2664 Vossianis
1500 2638 1544 2680 p.

104 2683 184 2727 549
211 2685 392 2726 traditur
421 2683 497 2725 ὑπὸ
529 2686 583 2736 τῷ
611 2685 766 2739 χρόνῳ,
801 2687 852 2728 de
883 2703 968 2744 quo
1001 2687 1132 2728 dativi
1166 2703 1245 2728 usu
1275 2687 1373 2729 vide
1394 2688 1546 2731 Matth.

107 2752 147 2804 ξ.
179 2751 261 2794 395
297 2751 398 2794 Not.
476 2751 637 2809 Utique
677 2762 923 2812 corruptum
965 2762 1031 2797 est
1069 2755 1239 2808 θωτέρω
1278 2755 1450 2814 ΕΡὶοΙι.’
1475 2758 1544 2801 48.
