1779 3079
251 150 284 198 6
517 149 591 198 De
627 145 828 197 dialecto
864 145 1071 195 Aeolum
1107 145 1417 195 Asianorum.

255 284 440 339 Aeolus,
482 292 674 327 auctores
712 283 866 325 habere
896 283 1103 324 Alcaeum
1132 288 1173 323 ct
1202 280 1400 338 Sappho,
1451 297 1576 339 supra
1605 299 1693 325 mo-

257 352 441 396 nuimus.
530 350 652 393 Unus
693 349 944 391 Heraclides
992 347 1125 389 semel
1167 347 1402 390 accuratius
1441 347 1694 390 Lesbiorum

258 419 483 460 dialectum
514 417 738 473 distinguit
760 418 816 468 ¹).
888 415 993 456 Inde
1023 421 1064 454 et
1091 414 1201 471 ipsi,
1241 413 1316 455 ubi
1346 413 1512 455 nullum
1542 415 1696 456 erroris

258 493 324 526 est
351 484 605 542 perieulum,
636 499 760 541 saepe
785 482 988 524 Aeolicae
1021 480 1189 521 dialecti
1218 496 1372 522 nomen
1402 482 1697 535 retinebimus,

259 552 333 594 nbi
363 552 598 592 accuratius
629 551 828 592 distincto
858 563 965 605 opus
994 555 1083 600 est,
1123 546 1192 588 vel
1220 547 1406 588 Asianos
1436 548 1595 589 Aeoles
1624 564 1698 589 no-

257 618 538 672 minabimus,
577 618 646 660 vel
677 616 893 658 brevitatis
924 614 1063 655 studio
1093 613 1346 655 Lesbiacam
1376 614 1601 656 dialectum
1628 631 1700 658 vo-

259 684 465 738 cabimus,
496 700 519 725 a
549 700 630 742 qua
660 682 916 725 continentis
946 681 1108 723 incolas
1136 696 1221 721 non
1251 682 1430 722 multum
1456 681 1700 734 recessisse,

258 767 443 794 marmor
467 750 703 792 Cumanum
734 749 870 790 docet.
903 772 957 779 —-
1026 748 1224 789 Ceterum
1252 748 1304 788 de
1334 747 1701 803 grammaticorum

258 819 504 861 auctoritate
534 817 618 858 alio
658 824 847 874 tempore
878 815 1087 871 agendum
1118 821 1196 855 est.
1272 814 1398 855 Nunc
1431 814 1584 856 suffieit
1610 831 1703 857 mo-

256 902 385 939 nere,
432 884 615 942 plurima
655 890 696 924 et
738 882 895 940 optima
934 881 1078 923 deberi
1107 881 1360 922 Heraclidae
1388 881 1701 937 Alexandrino,

257 954 381 1009 cujus
421 951 533 993 haud
559 966 691 1009 pauca
720 949 902 1009 servavit
930 948 1204 998 Eustathius,
1247 948 1482 1005 Apollonio
1511 948 1703 1006 Dyscolo

258 1027 300 1061 et
329 1018 603 1071 Herodiano,
636 1018 763 1072 liujus
792 1016 908 1070 filio,
939 1015 1052 1056 unde
1083 1015 1223 1056 onmia
1253 1017 1341 1056 fere
1370 1031 1446 1056 sua
1474 1015 1705 1059 hauserunt

258 1087 587 1141 Theognostus,
631 1083 954 1125 Choeroboscus
983 1090 1026 1123 et
1054 1082 1366 1139 Etymologica.
1452 1081 1604 1139 Neque
1643 1090 1703 1125 ta-

259 1169 356 1194 men
386 1154 465 1193 hos
494 1151 634 1193 omnis
664 1148 820 1190 erroris
852 1149 1061 1190 immunes
1091 1166 1210 1203 esse,
1255 1155 1446 1190 accurata
1482 1148 1704 1206 inquisitio

258 1220 442 1261 docebit.
519 1216 791 1259 Grammatici
834 1217 884 1257 de
915 1215 1134 1269 dialectis,
1177 1216 1392 1268 Joannes,
1437 1215 1509 1272 qui
1551 1217 1700 1271 fertur,

258 1286 529 1342 Philoponus
559 1285 647 1326 sive
676 1283 1013 1335 Grammaticus,
1046 1283 1321 1325 Grammatiei
1352 1281 1443 1339 (qui
1473 1283 1575 1324 editi
1606 1293 1706 1326 sunt

257 1360 354 1410 post
374 1351 628 1407 Gregorium
653 1351 940 1401 Corinthium)
965 1350 1208 1399 Leidensis,
1241 1350 1536 1406 Augustanus,
1567 1350 1705 1392 Meer-

257 1418 538 1470 mannianus,
591 1417 852 1471 Vaticanus,
911 1417 1064 1458 deinde
1116 1417 1330 1474 Excerpta
1372 1416 1706 1460 Birnbaumiana

258 1493 355 1544 post
385 1484 729 1540 Etymologicum
771 1484 1039 1538 Gudianum,
1079 1484 1261 1540 denique
1293 1483 1525 1538 Gregorius
1555 1483 1706 1526 Corin·

258 1552 372 1593 thius
404 1568 456 1593 ex
485 1552 634 1593 ‘eodem
664 1552 779 1591 sonte
811 1567 884 1592 sua
912 1551 1182 1604 derivarunt,
1213 1550 1298 1591 nisi
1330 1550 1444 1607 quod
1475 1551 1542 1592 hic
1573 1567 1706 1609 pauca

259 1619 432 1671 aliunde
462 1621 609 1660 hausta
641 1617 826 1670 addidit,
873 1625 940 1672 ct,
974 1634 1216 1675 quanquam
1246 1632 1371 1674 saepe
1402 1616 1457 1657 ita
1487 1624 1587 1658 sunt
1617 1634 1708 1660 cor-

260 1686 401 1742 rupti,
452 1693 497 1726 ut
536 1684 644 1725 nihil
684 1684 784 1724 inde
814 1685 907 1725 sani
938 1685 1036 1726 clici
1076 1684 1236 1742 possit,
1291 1691 1430 1724 tamen
1460 1684 1591 1726 multa
1620 1701 1707 1727 non

259 1752 570 1792 contemnenda
601 1751 651 1792 de
682 1750 861 1793 Aeolica
892 1752 1071 1792 dialecto
1100 1751 1285 1792 tradunt.
1317 1777 1372 1784 --

371 1821 414 1870 2)
477 1818 724 1860 Certissima
769 1818 1001 1860 Lesliiacae
1054 1818 1251 1871 dialecti,
1311 1817 1450 1875 qualis
1503 1818 1604 1860 inde
1653 1820 1707 1862 ab

262 1887 511 1928 Alexandro
547 1883 609 1926 M.
654 1892 768 1939 erat,
829 1886 1015 1941 cognitio
1054 1885 1217 1943 capitur
1252 1901 1304 1926 ex
1354 1885 1707 1943 inscriptionibus

261 1954 511 2006 Lesbiacis,
543 1952 657 2009 quod
684 1953 806 1994 valde
839 1952 1096 2005 dolendum,
1128 1952 1229 1994 satis
1260 1951 1423 2010 paucis.
1485 1953 1707 2010 Propriam

262 2020 520 2062 Lesbiorum
552 2020 778 2061 dialectum
808 2027 954 2060 tenent
983 2036 1047 2061 nr.
1080 2020 1215 2073 2166,
1247 2019 1481 2061 Alexandri
1511 2019 1572 2061 M.
1605 2028 1707 2061 tem·

263 2103 366 2145 porc
397 2087 558 2139 incisa,
602 2103 709 2144 quae
740 2103 980 2144 quanquam
1010 2087 1147 2128 lacera
1174 2095 1312 2128 tamen
1343 2086 1494 2127 summi
1522 2094 1585 2127 est
1613 2103 1707 2145 prc-

261 2154 337 2207 tii,
385 2170 450 2194 nr.
481 2153 592 2195 2107
622 2154 745 2196 valde
775 2154 913 2195 lacera
944 2161 986 2195 ot
1013 2154 1263 2195 recentioris
1293 2153 1465 2199 aetatis,
1510 2161 1554 2194 ut
1586 2155 1708 2196 docet

261 2222 302 2260 {Z
343 2237 420 2278 pro
457 2222 475 2259 ἶ
506 2220 551 2262 in
593 2222 822 2271 πολείταις,
869 2221 1022 2262 deinde
1062 2238 1126 2262 nr.
1160 2221 1450 2263 2172—2190
1492 2220 1707 2262 breviores

265 2295 306 2328 ct
335 2287 623 2329 Romanorum
655 2287 955 2345 imperatorum
986 2296 1174 2345 tempore
1203 2287 1401 2344 scriptae,
1433 2287 1506 2327 scd
1539 2295 1708 2346 propter

266 2355 491 2397 dialectum
521 2355 735 2411 antiquam
767 2355 933 2395 fidelius
966 2362 1198 2406 servatam,
1242 2369 1366 2409 qnam
1397 2353 1492 2394 aliis
1531 2353 1576 2394 in
1606 2353 1706 2394 civi-

264 2421 421 2462 tatibus
451 2423 530 2463 hoc
562 2430 748 2479 tempore
779 2421 869 2461 lieri
901 2423 1032 2471 solet,
1074 2437 1159 2461 non
1191 2421 1487 2475 negligendae·
1571 2420 1703 2462 Acce-

266 2487 329 2528 dit
368 2488 579 2530 decretum
620 2488 923 2540 Cumaeorum,
966 2488 1079 2545 quod
1119 2487 1274 2543 leg-iuu-
1314 2488 1357 2529 in
1403 2487 1602 2540 (Caylus)
1630 2489 1705 2530 Re-

314 2643 348 2683 l)
398 2643 496 2676 Ena.
524 2645 632 2685 1613,
657 2644 701 2676 22
733 2654 780 2675 ex
808 2643 950 2675 Hei-acl.
976 2640 1018 2675 τό
1051 2641 1232 2687 γέλαιμι
1266 2647 1321 2677 καὶ
1355 2639 1398 2677 τά
1425 2639 1531 2675 λοιπά
1557 2638 1705 2677 Λεύλικοέ

270 2695 356 2732 ὄντα
380 2698 444 2743 τῆς
469 2702 637 2744 ,ιίεσβίων
660 2700 796 2743 ἔχονται
821 2698 1011 2734 διαλέκτου.
