1779 3079
254 218 314 267 V.
367 217 720 280 Spartanorum
756 223 803 262 et
831 212 1135 279 Argivorum
1170 209 1378 259 foedera.
1452 210 1548 260 481

106 356 256 413 μικρὰς
287 359 359 398 καῖ
387 355 560 410 μεγάλας
590 352 822 405 αὐτονόμους
851 349 951 405 ἦμεν
972 355 1006 405 ⁷)
1046 350 1186 401 πάσας
1225 353 1351 393 καττὰ
1379 351 1547 408 πάτρια.

110 428 156 466 αἱ
183 426 228 467 δέ
253 443 307 467 κα
334 428 415 466 τῶν
444 422 562 471 ἐκτὸς
595 419 898 463 Πελοποννάσω
920 421 955 472 8)
994 437 1056 468 τις
1091 421 1156 461 ἐπὶ
1183 418 1257 461 τᾶν
1289 417 1551 461 Πελοπόννα-

112 510 186 536 σον
213 495 290 546 γᾶν
320 493 358 549 ἴῃ
391 493 455 533 ἐπὶ
493 493 630 545 κακῷ,
676 487 936 539 ’ἀλεξέμεναι
977 486 1126 540 ἇμοθεῖ
1163 487 1479 542 βωλευσαμένως
1499 490 1551 538 9),

112 562 197 612 ὁπᾷ
226 578 280 602 κα
311 558 548 602 δικαιότατα
589 558 692 614 δοκῇ
728 556 814 604 τοῖς
846 557 1214 604 Πελοποννασίοις.
1277 555 1400 598 ὅσσοι
1425 553 1482 611 ¹⁰)
1514 554 1554 594 δ’

111 627 228 676 ε’κτός
260 625 566 669 Πελοποννάσω
595 626 674 665 τῶν
694 623 1036 676 Λακεδαιμονίων
1067 622 1268 677 ξυμμάχοι
1297 624 1400 670 ἔντῖ,
1433 624 1475 664 ἐν
1503 625 1557 675 τῷ

111 695 218 749 αὐτῷ
256 694 462 737 ε’σσιόνται
487 694 540 747 ¹¹)
579 693 620 733 ἓν
648 694 778 745 τῷπερ
818 694 889 732 καῖ
917 693 979 732 τοὶ
1007 693 1087 731 τῶν
1115 692 1458 744 Λακεδαιμονίων
1488 692 1561 732 καὶ

109 766 173 806 τοὶ
201 765 281 804 τῶν
307 761 509 816 Ἀργείων
539 759 738 815 ξυμμάχοι
767 758 868 809 ἐντὶ,
900 757 973 800 τᾶν
1004 757 1136 800 αὐτῶν
1151 756 1208 813 12)
1241 757 1410 813 ἕχόντες.
1473 759 1560 799 Sm-

112 829 321 880 δειξάντας
350 831 392 871 δὲ
421 831 507 877 τοῖς
538 827 760 883 ξυμμάχοις
791 827 1099 881 ξυμβαλέσθαι,
1135 827 1232 868 αἴκα
1262 824 1402 874 αὐτοῖς
1432 827 1556 884 δοκῇ·

111 900 158 940 αἰ
185 899 230 939 δέ
253 899 291 940 τί
318 915 372 940 κα
403 897 498 939 ἄλλο
515 898 568 949 ¹3)
600 898 705 952 δοκῇ
724 896 810 944 τοῖς
831 894 1068 951 ξυμμάχοις,
1101 893 1239 937 οἴκαδ’
1271 892 1470 944 ἁπιάλλην
1491 895 1560 945 Μ).

396 1043 452 1084 2)
503 1042 702 1074 Foedus
735 1042 908 1081 postea
940 1041 1092 1072 ictum
1127 1047 1170 1074 c.
1198 1039 1281 1072 ⁸29.

226 1122 413 1165 Καττάδε
452 1121 563 1171 ἔδοξε
600 1123 687 1169 τοῖς
717 1121 1067 1173 Λακεδαιμονίοις
1097 1122 1169 1162 καῖ
1196 1119 1407 1175 Ἀργείοις
1440 1137 1565 1163 σπον-

117 1190 192 1240 δᾶς
222 1194 293 1233 καῖ
323 1191 549 1245 ξυμμαχίαν
580 1188 684 1242 εἶμεν
712 1187 961 1238 πεντήκοντα
991 1187 1081 1238 ἔτη,
1128 1190 1192 1229 ἐπὶ
1227 1189 1314 1237 τοῖς
1352 1190 1459 1237 ἴσοις
1497 1192 1569 1231 καὶ

118 1261 276 1313 ὁμοίοις
321 1260 436 1305 δίκας
475 1256 660 1305 διδόντας
701 1255 826 1297 καττὰ
863 1255 1031 1311 πάτρια.
1092 1258 1158 1297 ταῖ
1198 1257 1240 1297 δὲ
1280 1256 1397 1298 ἄλλαι
1432 1257 1569 1306 πολίες

116 1329 183 1368 ταὶ
222 1328 263 1367 ἐν
305 1323 607 1377 Πελοποννάσῳ
648 1323 942 1366 κοινανεὸντων
964 1322 1003 1379 ¹)
1041 1327 1114 1366 τᾶν
1158 1326 1340 1366 σπονδᾶν
1384 1327 1455 1367 καὶ
1496 1328 1569 1367 τᾶν

117 1396 343 1450 ξυμμαχιᾶν
363 1397 398 1446 2)
429 1392 654 1446 αὖτονόμοι
683 1395 754 1434 καὶ
785 1391 1046 1443 αὐτοπολίες,
1078 1391 1152 1434 τᾶν
1175 1391 1307 1434 αὐτῶν
1327 1394 1362 1447 3)
1393 1391 1566 1449 ε’χόντες,

118 1462 243 1504 καττά
272 1462 427 1515 πάτρια
459 1463 577 1511 δίκας
609 1460 786 1510 διδόντες
823 1459 898 1510 τὰς
928 1462 1022 1509 ἴσας
1051 1463 1123 1502 καὶ
1153 1462 1314 1515 ὁμοίας.
1385 1462 1508 1505 ὅσσοι
1529 1459 1569 1516 4)

166 1648 202 1689 7)
250 1644 460 1687 αὐτονόμους
482 1646 506 1689 -1-
530 1666 573 1671 -
596 1640 703 1687 εἶμεν,
728 1645 788 1680 cui
813 1646 997 1690 vulgatam
1023 1644 1276 1690 praetulimus.

164 1713 201 1753 8)
248 1709 514 1744 Πελοποννάσου
541 1710 576 1753 †.

165 1775 203 1816 9)
251 1771 446 1813 ἀλεξέμεναι
471 1783 540 1816 pro
565 1771 757 1806 Laconico
784 1770 905 1817 ἀλέξην
928 1770 1241 1817 suspectissimum
1263 1776 1318 1805 est
1351 1769 1426 1804 vid.
1453 1773 1481 1814 ξ.
1508 1772 1573 1812 37;

121 1830 339 1865 adverbium
370 1829 522 1871 ἀμοθεί,
565 1829 665 1873 quod
696 1840 717 1863 a
753 1830 945 1874 plerisque
976 1831 1015 1864 in
1040 1829 1289 1874 suspicionem
1314 1835 1482 1863 vocatum
1506 1835 1575 1870 est,

122 1888 212 1923 satis
249 1887 486 1923 confirmatur
517 1887 739 1922 testimoniis
769 1887 999 1932 Theognosti
1033 1889 1128 1922 Ann.
1154 1887 1256 1922 Oxx.
1283 1885 1344 1928 11,
1372 1887 1459 1929 165,
1484 1887 1503 1919 7
1541 1892 1577 1919 et

121 1946 300 1980 Favorini
324 1957 360 1991 p.
386 1948 474 1989 103,
500 1947 544 1980 32
569 1945 708 1989 Dind.,
749 1946 815 1989 qui
846 1946 886 1980 id
920 1946 1040 1991 ipsum
1074 1945 1173 1979 inter
1197 1943 1375 1978 adverbia
1400 1944 1437 1977 in
1469 1957 1496 1976 ει
1519 1943 1576 1976 af-

123 2004 257 2039 ferunt.
307 2003 542 2048 Significatio
567 2004 764 2037 obscurior
789 2010 862 2046 est3
892 2003 957 2037 vix
983 2010 1103 2037 tamen
1128 2002 1280 2036 aliunde
1304 2001 1467 2036 derivari
1492 2007 1577 2046 pot-

124 2069 180 2096 est
203 2072 311 2105 quam
335 2072 357 2095 a
380 2061 513 2103 μάθος,
549 2072 644 2105 quae
676 2072 750 2095 vox
781 2072 891 2104 quum
925 2061 970 2094 ab
996 2060 1189 2106 Hesychio
1216 2071 1286 2105 per
1309 2059 1424 2097 στάσις
1449 2058 1576 2103 expli-

125 2126 248 2161 cetur,
285 2117 415 2159 duofflh
438 2120 518 2154 fere
543 2120 642 2154 idem
666 2130 750 2154 esse
774 2119 922 2155 videtur
947 2118 1048 2163 quod
1075 2116 1332 2161 ἀστασιάστως,
1368 2117 1468 2152 sine
1504 2126 1578 2150 se-

125 2176 318 2212 ditione
342 2183 388 2210 et
412 2176 736 2212 dissensione.

171 2242 232 2284 10)
279 2241 568 2284 βουλευσαμένους
591 2241 615 2284 †
639 2242 669 2283 §-
695 2242 753 2276 20.
802 2237 877 2276 ὅσοι
899 2240 924 2283 †
948 2240 977 2283 ξ.
1004 2241 1069 2284 13,
1095 2242 1115 2274 1
1141 2246 1178 2274 et
1202 2239 1250 2273 cs.
1279 2249 1313 2272 c.
1340 2238 1385 2272 79
1416 2240 1492 2270 not.
1520 2236 1553 2270 4.

170 2306 231 2346 11)
279 2305 456 2346 ἐσοῦνται,
483 2304 606 2349 Popp.
633 2304 809 2338 ἑσσοῦνται
832 2315 852 2337 e
877 2302 1098 2348 quibusdam
1123 2300 1236 2337 libris
1259 2300 1283 2342 †
1307 2301 1335 2343 ἕ.
1363 2300 1427 2342 26,
1454 2300 1487 2334 l.

173 2368 233 2408 12)
281 2362 414 2405 αὗτῶν,
438 2365 562 2410 Popp.
591 2363 716 2400 αὐτῶν.

174 2431 232 2472 13)
280 2430 381 2474 vulg.
415 2429 471 2462 καὶ
505 2427 610 2469 ἄλλο,
657 2440 752 2473 quae
790 2430 914 2465 Bekk.
949 2439 1029 2464 cum
1063 2427 1246 2463 librorum
1291 2432 1397 2471 parte
1439 2422 1577 2466 omisit,

128 2486 316 2522 Haackius
342 2487 519 2522 correxit.

176 2551 234 2591 14)
281 2548 487 2594 dumam,
512 2550 610 2594 quod
639 2551 871 2587 correximus
895 2562 945 2586 ex
968 2559 1042 2584 uno
1066 2547 1195 2583 codice
1221 2546 1308 2582 Vat.

175 2624 209 2648 c.
233 2615 290 2649 79.
339 2616 374 2657 1)
423 2613 550 2648 malim
573 2613 790 2649 κοννωνεόντω
816 2615 894 2652 vid.
921 2615 952 2657 §.
976 2615 1023 2650 36
1047 2619 1086 2649 et
1110 2611 1140 2656 §.
1166 2611 1233 2655 48,
1258 2610 1292 2644 2·

175 2678 213 2721 2)
258 2679 324 2715 τᾶς
348 2677 541 2720 ξυμμαχίας
565 2688 586 2711 e
611 2679 706 2721 conj.

176 2743 214 2783 3)
262 2740 393 2782 αὐτῶν,
429 2742 552 2788 Popp.
576 2739 702 2775 αὐτῶν.

178 2805 216 2848 4)
260 2802 353 2851 ὅσοι,
378 2804 479 2849 quod
502 2815 524 2840 e
549 2804 659 2840 bonis
683 2803 794 2839 libris
817 2803 1049 2839 correximus
1075 2801 1151 2837 vid.
1178 2801 1207 2844 §.
1236 2802 1299 2842 13,
1326 2800 1358 2834 Ῑ.

191 2881 254 2926 ΙΙ.
1269 2877 1319 2918 31
