1779 3079
290 169 330 228 §.
355 171 434 220 44.
486 172 559 218 De
580 170 821 219 adverbiis
853 171 947 219 Ioci
976 180 1021 218 et
1044 170 1291 234 temporis.
1418 170 1517 220 369

69 305 191 360 Quae
222 304 418 346 delinitio
448 321 575 362 quam
617 306 673 347 sit
705 304 748 345 in
776 305 952 346 Doricis
993 313 1107 347 certe
1145 304 1369 363 particulis
1400 321 1514 355 vera,

67 388 167 415 mox
206 371 466 414 videbimus.
540 374 763 414 Praeterea
806 371 967 414 Dorica
1013 373 1214 414 adverbia
1260 373 1304 414 in
1353 390 1377 425 ᾳ
1418 389 1516 414 cum

1 477 7 484 .
67 440 320 497 vulgaribus
358 441 403 482 in
442 459 465 497 ῃ
509 457 601 482 eam
642 439 1002 497 significationem
1044 455 1312 482 communem
1341 441 1516 494 habent,

2 545 7 552 ,
67 515 116 548 ut
145 507 254 549 nihil
284 508 374 549 fere
404 508 456 548 ab
487 507 701 549 adverbiis
741 507 785 548 in
830 524 885 554 ως
917 506 1087 547 diversa
1118 508 1327 549 rationem
1359 517 1399 550 et
1429 525 1517 550 mo-

69 574 171 616 dum
203 583 373 629 notent3
424 576 559 616 multo
592 582 729 615 tamen
761 573 874 631 apud
904 573 1142 615 Dorienses
1174 589 1270 615 eum
1303 592 1428 618 usum
1459 577 1517 618 la-

2 685 7 696 ,
66 642 153 684 tius
183 650 329 699 patere
362 642 767 683 demonstrabimus.

180 711 308 752 Aliae
348 708 639 750 dubitationes
679 710 829 750 borum
875 708 1175 750 adverbiorum
1215 710 1394 751 formam
1424 720 1518 752 tan-

70 784 193 834 gunt.
255 776 448 817 Primum
478 777 740 834 Apollonius
773 784 813 818 ct
844 776 918 817 alii
948 776 1163 818 adverbiis
1195 777 1240 817 in
1274 795 1298 818 α
1328 778 1414 819 iota
1445 780 1519 820 ad-

70 844 202 885 scribi
243 845 398 886 docent
418 846 483 898 8)3
535 844 650 900 quod
692 860 822 900 quum
854 843 899 884 in
932 844 1153 886 codicibus
1184 853 1226 885 et
1256 845 1520 887 editionibus

72 911 327 968 saepissime
370 912 643 969 negligatur,
695 911 737 952 in
784 912 920 953 titulis
951 911 1128 953 Doricis
1160 912 1319 970 ubique
1349 928 1519 955 accura-

69 980 238 1021 tissime
281 988 489 1021 servatur.
562 978 716 1037 Neque
756 979 868 1032 iota,
914 979 959 1020 in
998 988 1117 1037 parte
1159 980 1307 1021 saltem
1348 981 1519 1023 illorum

70 1047 397 1096 adverbiorum,
450 1047 822 1104 grammaticorum
866 1047 1106 1104 praeceptis
1154 1047 1330 1100 deberi,
1379 1049 1452 1090 scd
1499 1066 1520 1091 e

70 1130 235 1155 summa
265 1114 519 1170 antiquitate
551 1122 770 1170 acceptum
790 1130 911 1168 esse,
943 1130 1026 1155 vox
1055 1117 1184 1169 χαμαί
1212 1116 1360 1169 docet,
1394 1132 1520 1174 quam

72 1198 169 1224 cum
201 1181 290 1224 illis
322 1180 673 1237 cognatissimam
704 1197 801 1223 esse
832 1189 1020 1239 apparet.
1071 1181 1276 1223 Ultimam
1308 1183 1352 1224 in
1374 1188 1519 1235 παντᾷ,

74 1250 198 1302 ἀλλᾷ,
239 1250 320 1300 6πᾷ
360 1264 382 1289 a
412 1248 702 1290 Doriensibus
742 1249 1058 1291 circumflexam
1090 1265 1185 1290 esse
1216 1265 1343 1307 supra
1376 1251 1522 1292 docui-

70 1334 166 1360 mus
198 1317 238 1370 ξ.
274 1317 325 1371 3,
356 1316 423 1357 10.
485 1316 780 1373 Lysistratae‚
812 1317 993 1359 Pindari
1025 1324 1066 1358 et
1095 1316 1318 1358 Theocriti
1350 1318 1522 1360 codices

71 1384 276 1428 Doricam
314 1383 487 1425 tonosin
529 1399 697 1426 servare
738 1385 879 1427 solent
920 1385 966 1426 in
1005 1387 1162 1436 παντᾷ,
1210 1384 1441 1442 negligunt
1478 1385 1522 1427 in

70 1452 270 1510 reliquis.

183 1518 279 1561 Jam
309 1519 487 1560 istorum
520 1519 820 1561 adverbiorum
852 1519 897 1560 in
929 1518 1069 1560 titulis
1100 1519 1203 1560 baec
1234 1519 1428 1576 exempla
1460 1537 1522 1561 re-

71 1587 323 1646 periuntur:
371 1587 545 1628 Heracl.
588 1588 635 1641 Ῑ,
668 1589 722 1630 93
762 1588 1047 1628 πεντεκαίδεκα
1077 1588 1216 1628 ποδῶν
1247 1590 1379 1638 παντᾷ
1417 1588 1446 1627 i.
1482 1603 1519 1629 c.

73 1671 525 1713 quoquoversus,
580 1656 625 1704 I,
667 1656 720 1697 93
767 1653 930 1710 (ὅρως)
973 1655 1140 1709 τέτορας
1183 1653 1408 1709 ἀπέχοντας
1449 1653 1521 1694 ἀπ’

74 1722 253 1764 ἆλλάλων
284 1721 310 1773 ᾇ
340 1724 410 1774 μὲν
440 1722 659 1776 τριάκοντα
689 1722 844 1772 πόδας,
881 1721 905 1774 ᾇ
939 1724 979 1763 δὲ
1000 1723 1141 1763 Γίκατι
1175 1721 1206 1762 i.
1227 1738 1263 1763 e.
1298 1722 1352 1763 in
1383 1722 1523 1764 alte-

73 1806 181 1832 ram
211 1796 420 1846 partem
452 1815 502 1819 —
535 1790 580 1830 in
613 1791 866 1844 alteram3
899 1789 1077 1846 Corcyr.
1104 1789 1211 1832 1907
1241 1789 1285 1830 in
1311 1791 1522 1847 epigram-

72 1863 184 1899 mate
215 1856 390 1898 metrico
418 1856 574 1898 mixtae
607 1857 780 1898 dialecti
814 1856 924 1909 ᾇμέν
953 1884 1006 1888 —
1038 1855 1062 1908 ᾇ
1084 1858 1127 1896 δέ
1154 1857 1360 1898 translato
1392 1872 1523 1898 sensu

75 1940 176 1982 qua
207 1951 260 1957 —-
290 1940 420 1981 qua,
453 1927 666 1966 einerseits
695 1952 748 1957 —-
779 1926 1036 1973 ander-seits,·
1072 1923 1250 1981 Coi-cyr.
1289 1924 1414 1977 1845,
1444 1924 1525 1966 128

75 1994 112 2032 εἰ
153 1991 199 2031 ὁδ’
231 2008 292 2039 τις
332 1991 616 2045 weomadum
659 1994 714 2040 εἰς
753 1992 845 2034 ἄλλο
882 2010 920 2033 τι
962 1994 1310 2046 καταχρησθῆμειι
1341 1992 1367 2040 ἢ
1398 2008 1524 2031 κατα-

72 2057 274 2114 χρήσαιτο
311 2056 410 2110 ἆλλᾷ
438 2077 519 2110 πᾳ,
554 2059 631 2100 ubi
662 2058 761 2111 ἇλλᾷ
790 2075 850 2112 πᾳ
879 2066 1088 2116 potestate
1120 2059 1232 2100 nibil
1263 2060 1352 2100 fere
1384 2057 1525 2099 differt

75 2126 128 2167 ab
170 2126 226 2172 εἰς
261 2124 354 2166 ἄλλο
384 2144 422 2166 τι
460 2133 532 2167 aut
569 2127 621 2167 ab
664 2127 792 2175 ἄλλως
830 2144 942 2181 πωςὸ
987 2128 1144 2183 Αεῑῃ).
1177 2126 1287 2168 2483
1328 2125 1524 2176 ἀνάθημα

78 2193 278 2245 ἀναθέμεν
310 2194 391 2244 ὁπᾷ
430 2211 481 2233 κα
520 2193 649 2251 χρῄζῃ
687 2197 760 2242 τᾶς
801 2194 955 2248 ἀγορᾶς
1002 2192 1067 2249 (in
1100 2192 1354 2250 Corcyraeis
1385 2192 1524 2233 titulis

77 2276 206 2318 supra
234 2277 300 2301 nr.
336 2262 356 2301 l
390 2262 483 2302 ὁηεῖ
508 2261 560 2307 ad
592 2261 854 2303 simillimam
886 2262 1113 2304 formulam
1146 2261 1385 2302 adhibitum
1416 2258 1524 2300 vidi-

78 2330 218 2382 mus)3
257 2327 373 2369 Cret.
407 2328 545 2381 2554,
576 2330 630 2370 75
660 2329 738 2376 τώς
766 2332 892 2381 marc?-
923 2329 1055 2382 νόμως
1084 2329 1238 2386 leges
1270 2329 1295 2368 h
1312 2342 1370 2368 uc
1401 2341 1523 2384 spe-

78 2403 328 2447 ctantes,
375 2395 536 2437 ibidem
576 2396 619 2436 in
660 2397 808 2438 finium
848 2397 1140 2455 descriptione
1179 2397 1208 2437 l.
1246 2394 1327 2437 110
1371 2394 1412 2443 ἐς
1449 2392 1524 2434 τάν

124 2569 160 2609 8)
209 2567 336 2610 Apoll.
355 2567 400 2599 de
419 2566 500 2599 adv.
530 2567 608 2604 625,
638 2569 665 2600 l.
714 2569 756 2612 τῇ
783 2567 837 2598 καὶ
863 2569 1045 2603 mum-unffi<
1070 2564 1109 2598 τὸ
1136 2568 1184 2611 πῇ
1210 2565 1265 2596 καὶ
1292 2565 1340 2596 ἔτι
1361 2562 1400 2596 τὸ
1426 2562 1525 2607 ἀορι-

81 2626 212 2661 στωὸῶς
234 2622 322 2671 ὅπῃ,
358 2626 626 2669 προςτιθεμέιυυ
650 2625 712 2656 τοῦ
738 2626 773 2661 ἴ,
810 2624 927 2659 καθὼς
951 2625 1006 2656 καὶ
1030 2622 1050 2666 ἡ
1078 2623 1266 2666 παράδοσις
1292 2620 1457 2662 ὁμολογεῖ.
1484 2640 1526 2645 «-

80 2683 361 2720 Choeroboscus
388 2682 424 2714 in
453 2682 510 2715 Et.
540 2682 589 2713 M.
619 2683 674 2721 73,
701 2682 743 2714 25
770 2681 844 2714 iota
871 2681 1000 2715 instrui
1024 2681 1126 2723 jubet
1151 2679 1258 2726 ἄλλῃ,
1284 2677 1417 2725 πάντῃ,
1445 2692 1525 2723 κρυ-

81 2742 143 2786 φῇ,
168 2740 320 2786 σπουδῇ,
347 2738 433 2785 εἰκῇ,
461 2735 548 2785 ὅπῃ,
575 2740 635 2784 πῇ.

129 2813 188 2859 11.
1207 2813 1261 2854 24
