1779 3079
218 156 319 206 410
565 154 608 215 §.
642 156 722 206 48.
795 157 870 204 De
905 155 1104 204 mitiore
1133 156 1331 205 Doride.

220 292 415 335 διδόντων
455 299 497 334 et
541 292 754 334 εἰλέσθων.
828 292 1055 335 Postremo
1095 300 1295 335 notamus
1333 291 1671 351 praepositionis

217 362 314 414 περί
341 360 570 404 elisionem
600 360 646 402 in
677 360 855 417 πέροὸος
884 361 915 403 l.
951 361 1028 415 16,
1078 377 1188 418 quae
1218 361 1263 403 in
1294 360 1547 419 purioribus
1576 360 1671 402 fon·

1730 384 1737 411 w
1728 310 1742 370 -ι
1715 0 1741 297 κ-κιιιτμιμζνμψ
1739 3 1741 7 ,

216 429 336 472 tibus
365 429 543 472 Doricis
572 436 792 487 praeterea
821 445 908 471 non
938 428 1167 486 reperitur.
1199 454 1253 460 —-
1291 428 1381 470 Vix
1411 443 1672 487 quemqnam
1735 452 1738 454 ·

216 498 350 540 latere
394 505 625 556 putamus,
679 513 807 555 quam
847 497 1018 552 insigni
1060 496 1187 538 modo
1233 512 1330 539 cum
1374 497 1448 539 illa
1489 496 1672 538 Doridis

219 566 364 624 specie
394 566 647 624 conspirent
677 582 750 619 03,
799 581 909 623 quae
939 565 984 606 in
1020 563 1285 607 carminibus
1317 564 1552 607 Hesiodeis
1582 564 1672 606 Ho-

215 633 379 677 merico
410 634 510 676 usui
540 634 715 676 adversa
736 633 789 674 ad
810 633 1035 675 Aeolicam
1058 632 1243 675 Hesiodi
1273 632 1487 690 originem
1518 631 1672 674 referri

217 701 374 744 solent.
438 702 635 756 Quorum
676 701 760 744 alia
798 708 897 742 sunt
926 701 1127 743 omnibus
1159 700 1452 743 Doriensibus
1483 715 1672 743 commu-

216 770 316 824 nia,
348 777 396 812 ut
424 773 562 823 μελιᾶν
583 770 699 828 Opp.
729 769 809 811 144
839 775 881 810 ct
909 771 1014 809 θεᾶν
1033 769 1119 810 Th.
1143 770 1215 823 41,
1248 768 1417 810 dativus
1449 772 1484 808 ἵν
1514 768 1567 809 fr.
1591 767 1674 810 134

217 837 382 891 Gottl„
430 837 522 880 ἔδον
550 838 636 879 Τ11.
669 836 725 879 30
756 843 797 877 et
827 835 987 878 similia
1006 869 1018 885 ,
1065 832 1114 885 ἦν
1143 852 1222 893 pro
1254 833 1361 885 ἦσαν
1392 835 1481 878 vid.
1516 837 1557 888 ξ.
1588 834 1671 889 403

215 906 299 948 alia
331 906 481 964 paucis
512 904 713 964 propria,
744 910 791 944 ut
821 903 1116 962 correptiones
1148 904 1192 945 in
1224 902 1379 957 κούρᾶς
1407 902 1567 944 Τ11.40
1587 909 1671 944 etc.

216 982 258 1016 et
287 974 393 1015 adeo
435 972 665 1031 participio
707 970 838 1021 ὁήσᾶς
867 971 952 1012 Th.
987 972 1065 1013 521
1108 971 1345 1014 secundum
1377 969 1674 1013 Choerobosci

215 1041 543 1095 testimonium,
589 1048 631 1083 et
669 1038 1006 1098 praepositionis
1045 1040 1143 1093 περί
1179 1038 1307 1081 elisio
1346 1037 1392 1080 in
1433 1039 1601 1094 περίαχε
1632 1044 1675 1081 ct

214 1111 450 1164 περοίχεται
482 1109 569 1151 Th.
600 1109 700 1151 678.
733 1109 839 1158 733,
880 1116 1100 1166 postremo
1129 1106 1465 1165 praepositionis
1496 1107 1537 1147 ἐν
1567 1122 1675 1148 usus

214 1193 294 1236 pro
327 1179 408 1228 εἰς,
455 1193 585 1236 quem
622 1176 670 1218 in
700 1174 771 1227 ἑὴν
803 1175 1020 1230 ἐγκάτθετο
1051 1174 1174 1225 νηδύν
1208 1175 1296 1217 Τ11.
1327 1175 1425 1218 487.
1460 1175 1558 1218 890.
1591 1175 1674 1218 899

215 1245 513 1302 Goettlingius
543 1252 660 1288 recte
691 1260 931 1303 agnoscere
960 1244 1160 1297 videtur,
1200 1259 1298 1284 nam
1326 1243 1444 1300 quod
1474 1243 1529 1285 G.
1563 1243 1674 1286 Her-

215 1329 400 1356 mannus
433 1321 582 1356 contra
622 1313 814 1367 monuit,
860 1312 1034 1355 Atticos
1075 1327 1161 1353 non
1201 1311 1344 1353 minus
1385 1310 1594 1364 ἐμβάλλειν
1632 1317 1675 1352 et

216 1381 376 1425 similia
416 1383 656 1439 composita
695 1397 794 1424 cum
832 1380 1076 1423 accusativo
1117 1379 1212 1422 sine
1258 1378 1580 1437 praepositione
1619 1380 1676 1426 εἰς

209 1449 427 1508 jungere,
473 1450 602 1493 nobis
641 1450 818 1508 quidem
857 1449 953 1505 ejus
996 1447 1333 1491 constructionis
1375 1447 1572 1505 exempla
1603 1445 1674 1488 dc-

214 1525 362 1575 tegerc
391 1534 478 1561 non
509 1517 710 1576 contigit.
784 1517 849 1560 Ea
893 1517 1029 1575 igitur
1068 1516 1212 1558 omnia
1254 1515 1300 1557 in
1339 1515 1459 1558 nulla
1491 1514 1674 1557 dialecto

215 1587 449 1643 conjuncta
478 1586 750 1645 reperimus,
782 1593 1081 1644 praeterquam
1112 1584 1158 1626 in
1184 1583 1424 1641 Delphica,
1457 1583 1598 1642 qualis
1631 1582 1676 1624 in

214 1655 388 1698 decreto
418 1655 498 1698 illo
517 1654 872 1713 Amphictionico
895 1653 1187 1712 conspicitur,
1218 1652 1423 1694 Boeotica
1451 1658 1568 1694 certe
1600 1666 1676 1709 ge-

216 1723 376 1766 nitivos
406 1722 453 1765 in
486 1725 534 1764 ἄν
564 1730 807 1765 contractos
839 1730 887 1764 ut
914 1726 1019 1764 θεᾶν
1041 1730 1082 1764 et
1101 1729 1387 1764 extremarum
1411 1719 1675 1776 syllabarum

214 1791 530 1850 correptionem
563 1791 814 1850 ignorabat,
846 1806 927 1834 nec
957 1797 1125 1832 constat
1156 1789 1208 1831 de
1235 1787 1556 1846 praepositione
1585 1786 1679 1840 περί

213 1861 328 1917 apud
360 1860 550 1902 Boeotos
578 1859 808 1901 elisionem
838 1875 981 1918 passa.
1059 1858 1221 1900 Contra
1262 1855 1300 1898 si
1339 1872 1421 1912 qua
1461 1861 1562 1896 sunt
1591 1853 1675 1895 alia

214 1927 460 1969 Hesiodeae
501 1927 685 1969 dialecto
723 1927 926 1985 propria,
974 1941 1084 1984 quae
1114 1924 1375 1967 Lesbiorum
1417 1922 1555 1963 fuisse
1591 1920 1674 1963 sci-

214 2011 337 2048 mus,
371 2003 418 2036 ut
447 1995 683 2036 accusativi
717 1995 820 2048 ἄψιν
843 1996 959 2052 Opp.
983 1994 1089 2042 426,
1130 1991 1243 2034 Θοάν
1263 1991 1316 2032 fr.
1343 1990 1398 2033 79
1429 1997 1470 2031 et
1494 1989 1674 2032 verbum

216 2065 355 2117 αἴνημι
386 2062 502 2121 Opp.
535 2062 616 2105 681
649 2060 726 2116 (L.
760 2062 781 2103 I
820 2062 861 2114 ξ.
895 2063 975 2114 21,
1009 2062 1029 2102 1
1074 2067 1116 2102 ct
1154 2059 1194 2112 ξ.
1228 2059 1310 2112 26,
1343 2057 1419 2113 4),
1465 2074 1514 2099 ea
1543 2055 1674 2099 confl-

215 2132 367 2174 dcntcr
396 2131 447 2173 ab
480 2131 656 2188 antiqua
678 2129 949 2187 Delphorum
980 2128 1131 2185 ling-ua
1157 2126 1409 2182 abjudicare
1434 2141 1522 2167 non
1554 2123 1672 2167 licet.

217 2199 445 2258 Quidquid
475 2207 616 2241 autem
649 2198 700 2240 dc
741 2198 808 2239 his
843 2196 1139 2253 judicaveris,
1184 2194 1389 2237 notabilis
1421 2201 1488 2236 est
1517 2192 1674 2235 Hesio-

216 2269 320 2311 deae
352 2268 528 2311 dialecti
559 2284 656 2310 cum
688 2265 904 2323 Delphica
933 2280 1173 2306 consensus
1202 2278 1342 2321 coque
1372 2261 1529 2318 magis,
1559 2259 1676 2319 quod

216 2337 400 2395 Pythiae
431 2337 620 2379 oraculis
651 2343 694 2378 et
711 2333 905 2376 Hesiodo
935 2331 1195 2374 elocutionis
1217 2330 1520 2387 cognationem
1541 2344 1675 2386 quan-

213 2405 314 2448 dam
344 2421 441 2448 esse
472 2403 771 2460 Goettlingius
802 2400 1018 2443 intellexit
1050 2400 1194 2441 l'raef.
1228 2415 1272 2457 p.
1304 2397 1432 2439 XIV.

328 2473 428 2518 Nou
474 2473 618 2515 minus
658 2470 917 2513 Pindaricae
961 2468 1134 2509 dialecti
1178 2483 1278 2525 pars
1323 2465 1377 2507 ad
1416 2463 1674 2521 Delphicam

216 2542 409 2600 linguam
440 2540 670 2584 referenda
700 2555 798 2581 esse
827 2536 1011 2579 videtur.
1087 2536 1169 2577 llla
1198 2535 1314 2577 cuim
1343 2550 1396 2575 cx
1427 2531 1677 2584 Homerica,

218 2611 430 2652 Lesbiaca
462 2618 504 2652 et
533 2608 695 2651 Dorica
724 2607 782 2649 ita
812 2603 1050 2662 composita
1082 2612 1174 2657 est,
1207 2611 1254 2644 ut
1282 2603 1386 2643 hacc
1416 2616 1495 2658 pro
1524 2599 1677 2640 sunda-

217 2686 361 2720 mento
392 2677 588 2719 habenda
619 2677 689 2718 sit.
759 2674 857 2717 Jam
886 2689 987 2715 vcro
1018 2672 1210 2713 finalium
1243 2670 1505 2728 syllabarum
1535 2681 1677 2709 corre·

219 2746 333 2804 plin,
379 2761 465 2804 qua
497 2749 623 2802 pocta
665 2742 896 2801 aliquoties
926 2739 1087 2794 utitur,
1143 2747 1184 2781 et
1214 2736 1479 2797 praepositio
1511 2737 1550 2776 ἐν
1579 2750 1677 2777 011111
