1779 3079
245 167 346 218 534
643 167 872 215 Addenda
909 177 955 215 et
990 168 1302 235 Corrigenda.

359 308 403 360 5)
459 307 782 351 Declinationis
818 307 983 366 primae
1015 307 1235 365 genitivus
1267 308 1502 367 singularis
1541 308 1705 366 legitur

239 376 408 433 ’Ἐρμαο
451 392 516 418 nr.
548 376 606 430 4,
669 375 803 418 dativi
850 378 1047 431 Τεμπείτα
1090 393 1158 418 nr.
1193 377 1303 420 1767
1342 384 1385 419 et
1428 378 1469 418 ἐν
1507 379 1559 418 τᾶ
1594 377 1705 433 ἇρχᾶ

246 461 314 486 nr.
341 446 368 487 2
407 445 439 486 Ι.
475 444 554 499 13,
602 444 711 487 Gen.
745 444 870 488 Plur.
903 444 1095 487 κοινάουν
1124 461 1191 486 nr.
1225 445 1280 500 1,
1326 444 1547 488 πολιτάουν
1576 461 1643 488 nr.
1675 446 1706 490 2

243 512 276 554 l.
311 512 394 566 17,
455 519 604 554 contra
648 528 725 571 per
768 514 1104 556 contractionem
1148 517 1384 567 Ιομφιτοῦν
1435 515 1484 556 in
1527 530 1707 558 nummo

243 579 416 621 Mionn.
451 579 608 639 Suppl.
642 582 709 623 III
751 599 795 640 p.
829 583 926 625 284.
959 609 1012 616 -
1084 582 1135 623 In
1180 581 1471 624 declinatione
1515 583 1707 625 secunda

245 648 429 706 genitivi
458 648 505 690 in
539 667 579 691 οι
609 649 850 693 desinentis
871 682 883 705 ,
937 651 1065 707 cujus
1095 650 1273 692 unicum
1303 652 1550 709 exemplum
1581 652 1708 693 tutati

244 732 415 758 cramus
434 748 446 770 ,
480 733 595 759 nunc
624 718 758 760 multa
787 720 984 776 exempla
1015 719 1253 761 accedunt:
1288 735 1355 760 nr.
1380 720 1400 760 1
1434 721 1704 770 Λίυσκελείοι,

242 799 309 825 nr.
342 785 370 827 2
402 788 711 837 Παυσανιαιόι,
758 787 958 840 Σιλάιιοι,
999 786 1280 840 Ἀντιγενειόι,
1329 787 1529 841 Γεννάοι,
1570 786 1705 830 ’Atan-

245 853 424 894 σουνειόι
447 885 460 908 ,
517 853 778 909 Ἀντιγονείοι
799 887 812 904 ,
874 863 921 895 ut
974 854 1114 896 lacera
1170 855 1384 897 nonnulla
1437 855 1701 898 omittamus.

242 920 403 963 Contra
431 922 597 976 εΕρμοῖο
631 923 824 963 Χθονίου
854 922 1017 979 legitur
1045 939 1112 965 nr.
1140 923 1197 976 4,
1237 921 1313 963 ubi
1344 922 1431 964 nisi
1462 923 1707 981 corruptela

241 989 415 1042 subest,
448 991 640 1031 Χθονίου
671 1005 694 1032 e
727 992 931 1046 Χθονίω,
965 990 1082 1049 quod
1113 990 1383 1048 reliquorum
1413 990 1705 1033 Aeolensium

239 1062 280 1097 et
319 1056 549 1098 severioris
587 1057 773 1100 Doridis
815 1066 912 1111 cst,
968 1074 1046 1115 per
1083 1059 1386 1101 Thessalicam
1423 1059 1705 1102 mutationem

238 1131 384 1165 natum
417 1125 646 1180 existima,
692 1133 739 1168 ut
769 1126 975 1169 Thessali
1006 1127 1225 1184 duplicem
1257 1127 1631 1182 terminationem,
1665 1145 1706 1170 οι

237 1199 280 1233 et
305 1209 375 1242 ου,
407 1193 654 1236 habuerint.
715 1194 867 1237 Dativi
899 1195 1136 1253 singularis
1166 1196 1211 1237 in
1244 1213 1291 1238 ου
1322 1203 1364 1239 et
1395 1196 1578 1254 genitivi
1607 1196 1704 1254 plu-

236 1260 342 1302 ralis
373 1260 418 1302 in
451 1278 520 1304 ουν
551 1263 749 1321 exempla
781 1279 911 1322 supra
941 1264 1268 1323 proposuimus.
1341 1263 1530 1307 Dativus
1560 1265 1705 1323 plura-

236 1327 296 1370 lis
327 1328 374 1370 in
408 1346 471 1378 οις
504 1330 669 1373 desinit
697 1339 744 1373 ut
774 1331 984 1386 ἐςγόνοις,
1017 1335 1316 1387 Κραννουυίοις
1346 1349 1413 1375 nr.
1434 1334 1534 1376 1.2.
1566 1361 1621 1366 -
1662 1333 1699 1376 Ε

235 1397 362 1439 tertia
394 1397 685 1442 declinatione
718 1400 830 1443 nihil
860 1408 1037 1460 apparet
1065 1409 1237 1460 praeter
1266 1400 1413 1450 πόλιος
1442 1417 1509 1443 nr.
1529 1402 1568 1444 1.
1587 1402 1629 1445 2.

349 1501 400 1543 In
432 1502 743 1561 conjugatione
775 1505 1045 1561 conjunctivi
1084 1504 1210 1547 tertia
1239 1520 1425 1563 persona
1457 1513 1524 1548 est
1554 1505 1702 1561 ὀνγρα-

235 1570 328 1624 φεῖ,
375 1570 427 1611 de
457 1586 541 1627 qua
573 1588 702 1630 supra
734 1572 940 1615 diximus.
1005 1573 1345 1631 Conjugationis
1375 1573 1422 1615 in
1454 1591 1485 1614 ω
1517 1574 1700 1616 infiniti—

232 1653 315 1679 vus
348 1637 554 1681 Boeotico
585 1656 703 1682 more
733 1640 779 1682 in
812 1657 902 1694 εμεν
932 1641 1049 1695 exit,
1094 1649 1141 1683 ut
1169 1641 1398 1696 ὑπαρχέμεν
1426 1658 1492 1684 nr.
1512 1643 1541 1686 2
1577 1643 1609 1685 l.
1631 1643 1699 1687 20.

237 1704 605 1763 Conjugationem
644 1709 690 1750 in
732 1727 777 1762 μι
807 1709 1023 1752 Lesbiaco
1054 1726 1173 1751 more
1206 1709 1336 1751 verba
1366 1710 1501 1768 vulgo
1532 1719 1699 1753 contra-

234 1779 300 1814 cta
341 1782 616 1831 sequuntur,
676 1776 722 1818 id
764 1778 882 1836 quod
923 1778 1109 1822 maxime
1154 1786 1332 1836 apparet
1374 1778 1422 1820 in
1466 1779 1700 1838 participio

233 1839 435 1896 εὐεργὲτές
466 1860 530 1885 nr.
556 1845 583 1887 2
613 1845 644 1886 l.
672 1845 751 1900 10,
801 1846 956 1888 deinde
987 1847 1034 1888 in
1069 1846 1393 1901 [otpozaJye'vzoe
1423 1863 1490 1888 nr.
1524 1849 1551 1891 2
1587 1848 1620 1890 l.
1654 1849 1695 1890 1.

232 1907 325 1950 Nec
357 1912 630 1967 refragantur
661 1913 823 1955 διετέλει
852 1931 919 1956 nr.
956 1915 995 1956 1.
1029 1915 1057 1956 2
1084 1930 1163 1971 pro
1193 1914 1414 1957 Lesbiaco
1446 1916 1595 1965 ὃιετέλη
1627 1931 1694 1956 nr.

235 1976 274 2017 1.
307 1977 335 2019 2
373 1986 416 2019 et
447 1979 589 2021 ὃικάοι
618 1997 684 2021 nr.
717 1983 745 2023 2
783 1982 814 2023 Ι.
848 1984 906 2036 4,
959 1982 1076 2040 quod
1106 1998 1243 2039 aeque
1273 1982 1536 2024 Lesbiacum
1566 1983 1694 2025 foret.

233 2043 482 2087 Infinitivus
514 2046 558 2087 in
588 2063 658 2099 μεν
689 2048 777 2089 cxit
802 2049 968 2091 Dorico
1001 2056 1042 2090 ct
1071 2049 1281 2091 Boeotico
1312 2065 1430 2092 more
1465 2050 1697 2103 [ἐπιμελ]ει-

232 2113 371 2165 θεῖμεν
397 2121 438 2155 ct
465 2113 583 2166 δόμεν
612 2131 677 2156 nr.
698 2116 745 2168 1,
785 2116 871 2157 nisi
901 2117 972 2157 hic
1004 2117 1245 2158 secuudum
1272 2117 1535 2160 Lesbiorum
1566 2135 1696 2161 usum

234 2179 431 2235 ὁὸμειιῂιι]
467 2183 757 2240 supplendum
789 2199 886 2225 csse
918 2184 1156 2226 existimas.

346 2277 690 2336 Praepositionis
733 2279 809 2320 ἀνά
849 2297 1068 2339 apocopen
1108 2298 1263 2339 passae
1297 2290 1338 2324 ct
1367 2283 1560 2325 vocalem
1600 2301 1692 2327 mu-

235 2345 364 2386 tantis
416 2348 612 2404 exempla
660 2347 862 2404 (ivypaspet'
912 2358 953 2391 et
1007 2350 1214 2403 ὀιιάλουμα
1268 2367 1396 2408 supra
1449 2352 1687 2395 attulimus.

233 2414 352 2455 Ᾰάτά
391 2430 581 2471 apocope
621 2417 820 2458 ass‘ectum
851 2425 917 2459 cst
954 2417 998 2458 in
1040 2418 1163 2458 καττά
1203 2435 1270 2460 nr.
1306 2420 1359 2473 1,
1414 2420 1528 2478 quod
1567 2437 1689 2479 prac-

233 2488 349 2522 terea
380 2481 559 2523 observa
590 2500 669 2541 pro
702 2484 808 2525 καθ’
841 2485 867 2525 ἅ
898 2484 1058 2526 dictum
1090 2503 1186 2529 csse
1206 2521 1218 2537 ,
1261 2488 1318 2528 cf.
1353 2487 1407 2529 L.
1438 2488 1497 2530 ll.
1540 2489 1582 2542 ξ.
1617 2490 1686 2532 33.

233 2549 319 2590 Ρι·ο
349 2548 454 2603 πρὸς
485 2558 530 2591 ut
561 2552 675 2608 apud
704 2552 893 2594 Boeotos
924 2561 964 2594 ct
994 2553 1234 2596 Dorienses
1267 2564 1332 2597 cst
1363 2557 1485 2609 ποτί,
1534 2573 1687 2614 apoco-

233 2632 312 2673 pac
353 2617 619 2672 obnoxium,
673 2629 719 2661 ut
756 2620 942 2670 πόθοόος
980 2638 1046 2663 nr.
1088 2624 1137 2672 l,
1197 2623 1346 2665 ποτιάν
1385 2640 1450 2665 nr.
1484 2625 1510 2665 2
1550 2625 1580 2666 l.
1616 2626 1683 2667 16.

233 2684 318 2725 Pro
350 2686 406 2732 εἰς
445 2694 491 2726 ut
529 2688 643 2744 apud
673 2688 863 2731 Boeotos
900 2696 941 2730 ct
970 2690 1163 2749 reliquos
1197 2691 1386 2734 Graecos
1431 2693 1687 2749 septentrio·

234 2751 351 2792 nalcs
391 2754 432 2793 ἓν
473 2763 732 2812 usurpatur,
792 2765 839 2798 ut
879 2758 920 2796 ἐν
961 2759 1077 2798 κίονα
1126 2776 1192 2800 nr.
1227 2761 1246 2801 1
1295 2769 1336 2801 ct
1379 2777 1444 2801 nr.
1478 2761 1505 2802 2
1550 2761 1580 2802 l.
1613 2762 1685 2813 24,
