1779 3079
576 146 653 192 Ad
687 146 901 193 Librum
942 147 1229 195 Secundum.
1529 149 1626 198 567

174 280 228 335 1,
285 281 520 335 ἀᾳηρωῖξαι
555 281 715 337 legitur
757 281 801 322 in
840 281 1042 338 plurimis
1086 281 1220 323 titulis
1259 282 1469 324 Theraeis
1510 283 1622 341 apud

173 349 380 391 Rossium
422 365 488 390 nr.
520 348 759 391 203-218.

284 433 422 475 Ihid.
465 450 541 475 nr.
574 434 615 476 8.
676 433 728 475 In
758 432 883 473 titulo
914 432 1126 475 Alaesino
1154 433 1241 475 iota
1271 434 1478 476 omissum
1511 443 1622 477 aeta-

170 501 228 543 tis
256 501 388 543 fuerit
416 509 462 543 ut
491 501 535 542 in
567 500 766 558 Astypal.
791 499 919 552 2485,
953 501 1027 557 qui
1061 516 1097 541 a.
1125 501 1203 543 105
1234 518 1271 542 a.
1297 502 1400 543 Chr.
1434 503 1621 561 scriptus

170 578 251 611 est.
326 569 391 610 Ea
432 569 547 610 enim
588 575 723 609 aetate
765 566 876 607 illud
915 568 1212 624 negligentiae
1254 585 1392 625 genus
1437 571 1623 628 grassari

168 645 368 695 coeperat
401 637 487 678 vid.
522 636 676 676 Franz.
711 634 865 692 Epigr.
914 650 956 691 p.
994 635 1087 676 155.
1121 637 1215 678 233.

281 722 408 777 Pag.
443 719 520 762 191
564 719 594 760 l.
631 719 697 762 18.
759 719 924 761 Eodem
956 719 1210 761 Huschlius
1243 721 1294 762 (le
1325 723 1472 765 &nnio
1505 723 1622 765 Cim-

164 787 244 829 bro
273 804 315 846 p.
341 788 393 830 31
425 787 574 829 retulit
602 791 709 841 πᾶς,
744 788 901 846 quod
891 804 936 828 ιιι
968 788 1040 828 Et.
1072 787 1134 829 M.
1169 789 1275 837 (351,
1307 791 1334 831 4
1316 798 1407 831 ret
1436 791 1507 832 Et.
1541 791 1617 832 Or.

166 854 278 909 136,
312 857 363 898 15
407 872 429 897 a
463 856 750 914 Spacusanis
789 872 867 913 pro
907 855 1041 908 πατι,ὀ
1085 856 1246 897 dictum
1284 871 1378 898 csse
1419 859 1617 901 tiaditur.

164 921 280 965 Male
312 931 452 964 tamen
487 940 584 965 cum
614 923 904 965 Valckenario
936 924 988 964 ad
1020 923 1229 965 Herodot.
1263 923 1343 965 lV.
1388 941 1431 982 p.
1468 926 1549 968 307
1580 934 1621 968 et

164 990 218 1031 ad
257 991 402 1032 Adon.
454 1008 494 1048 p.
528 992 610 1034 382
648 994 708 1031 πᾶ
746 991 877 1033 scribi
915 991 1067 1047 juhet5
1127 1007 1224 1032 nam
1264 991 1315 1032 de
1354 993 1620 1036 nominativo

162 1061 270 1109 πᾶς,
317 1075 414 1116 gen.
449 1062 508 1099 πᾶ
538 1066 705 1102 constat
742 1067 960 1116 praeterea
999 1076 1021 1101 e
1056 1059 1359 1102 Choerobosco
1389 1060 1526 1102 Bekk.
1571 1077 1617 1119 p.

162 1126 299 1180 1181,
331 1127 521 1169 Arcadio
554 1144 597 1185 p.
634 1127 738 1180 1³5,
772 1128 850 1181 17,
895 1128 967 1169 Et.
1001 1127 1117 1169 Gud.
1151 1127 1258 1180 451,
1293 1127 1313 1169 1
1347 1135 1388 1170 et
1417 1129 1617 1171 Eustath.

162 1194 286 1236 565
274 1211 337 1237 1n.
398 1195 532 1253 Apud
562 1195 832 1240 Aesclnlum
865 1194 1019 1253 Suppl.
1048 1195 1145 1237 8b9.
1175 1196 1258 1238 876
1288 1212 1366 1253 pio
1400 1193 1432 1236 ὦ
1461 1200 1518 1250 βᾶ
1545 1200 1620 1251 γᾶς

160 1263 240 1302 παῖ
275 1265 358 1303 Ζεῦ
404 1279 427 1306 c
466 1263 632 1305 scholio
678 1267 707 1303 ω’
749 1262 847 1303 :reite
854 1280 874 1302 ο
917 1266 1027 1312 Ζεῦ,
1073 1265 1268 1316 51J35m1*
1302 1264 1618 1307 Valckcnaiius

159 1330 387 1388 proposuit
419 1336 449 1371 ω’
482 1333 559 1372 παῖ
586 1334 661 1385 γᾶς
689 1334 748 1371 πᾶ
776 1334 884 1380 Ζεῦ
919 1347 1051 1388 quum
1081 1332 1183 1389 xuls
1171 1347 1212 1373 o
1242 1331 1468 1389 Scaligero
1499 1349 1619 1390 prae-

160 1406 290 1440 eunte
320 1402 377 1452 βᾶ
407 1415 430 1441 e
460 1402 630 1453 βασιλεῦ
660 1398 927 1440 decurtatum
958 1406 1146 1457 putetur.
1237 1399 1351 1442 Nolo
1381 1401 1618 1459 quidquam

158 1467 397 1521 affirmare3
460 1467 756 1525 suspicionem
793 1474 934 1508 tamen
966 1467 1179 1524 quandam
1209 1467 1416 1523 injiciunt
1445 1468 1618 1524 glossae

158 1533 490 1591 Hesychianae:
545 1537 785 1589 Βαγαῖος
826 1562 880 1566 —
922 1534 1025 1583 Ζέύς
1063 1535 1245 1590 Φρύγιος
1289 1544 1331 1578 et
1368 1535 1615 1589 Πίαζεύς,

159 1603 179 1643 ὁ
212 1601 318 1650 Ζεὺς
347 1601 464 1655 παρὰ
493 1604 638 1656 Φρυξί.
703 1602 822 1656 Quid
853 1602 996 1656 enim,
1039 1603 1076 1644 si
1107 1604 1354 1661 Aeschylus
1385 1603 1618 1661 peregrina

158 1669 228 1711 dei
258 1671 432 1712 nomina
463 1679 638 1729 captans
670 1671 895 1728 scripserit
928 1666 962 1710 (5
990 1673 1147 1724 Βαγαῖε
1177 1674 1328 1719 Ηίαζεῦ
1358 1680 1431 1712 aut
1463 1668 1495 1711 ὦ
1525 1677 1616 1712 Βα-

157 1739 245 1792 yonis
275 1742 334 1779 πᾶ
367 1740 478 1780 Zefi‘?
512 1765 563 1769 —
622 1739 788 1780 Ibidem
819 1755 859 1780 v.
882 1739 979 1782 867.
1012 1740 1095 1781 876
1127 1736 1159 1779 ὦ
1188 1743 1245 1792 μᾶ
1274 1743 1326 1792 γᾶ
1357 1740 1520 1781 scholia
1551 1740 1615 1780 in·

156 1814 448 1865 terpretantur
487 1803 520 1846 ὦ
555 1809 680 1861 μῆτερ
714 1810 767 1860 γῆ
797 1816 838 1849 et
867 1807 1124 1848 Eustathius
1155 1823 1329 1865 quoque
1359 1807 1391 1849 l.
1424 1807 1456 1848 l.
1492 1807 1616 1848 docet

157 1878 214 1927 μᾶ
240 1890 319 1931 pro
350 1874 482 1928 μήτηρ
515 1890 624 1915 esse.
716 1875 861 1928 Quare
902 1884 1017 1916 recte
1057 1875 1170 1932 apud
1198 1875 1478 1917 Theocritum
1508 1875 1613 1928 XV,

154 1943 209 1985 89
239 1942 353 1983 idem
384 1958 489 1984 usus
520 1943 797 2000 agnoscitur,
849 1959 981 2000 quum
1016 1942 1211 1984 scholion
1242 1959 1264 1983 a
1296 1942 1560 1984 Ruhnkenio
1591 1958 1613 1983 e

156 2010 306 2052 codice
344 2010 587 2052 Parisiensi
627 2010 843 2069 proditum
882 2011 925 2053 τὸ
968 2014 1025 2063 μᾶ
1069 2010 1182 2052 dicat
1219 2010 1509 2065 Συρακούσιον
1549 2013 1614 2051 ἐπὶ

157 2076 470 2130 ἀγανακτήσεως
498 2078 722 2131 λεγόμενον.
801 2079 919 2120 Bene
950 2078 1065 2119 enini
1095 2078 1410 2120 Valckenarius
1443 2094 1610 2136 compa-

155 2145 265 2187 ravit
293 2145 487 2202 Δάματερ
529 2147 632 2189 item
671 2147 717 2188 in
758 2146 1106 2202 interjectionem
1144 2163 1332 2188 versum.
1406 2146 1608 2188 Ceterum

155 2216 213 2266 μᾶ
240 2229 337 2255 cum
368 2215 469 2266 μαῖα
499 2215 832 2273 comparandum
862 2222 928 2257 est
957 2222 1005 2255 ut
1033 2218 1085 2268 γᾶ
1116 2230 1211 2255 eum
1241 2215 1354 2266 γαῖα.
1388 2238 1440 2244 --
1511 2212 1610 2255 Jam

154 2297 254 2323 vero
287 2281 495 2324 credibile
530 2291 620 2336 est,
679 2282 957 2324 brevissimas
989 2282 1089 2323 illas
1120 2282 1297 2324 voculas
1336 2283 1418 2329 πᾶς
1458 2288 1500 2323 et
1535 2284 1607 2334 μᾶ,

155 2365 266 2407 quae
306 2349 466 2391 rectius
497 2349 842 2407 simplicissimas
875 2350 1032 2407 stirpes
1063 2349 1265 2391 exhihere
1297 2365 1424 2408 quam
1456 2364 1609 2406 apoco-

155 2433 209 2474 pe
235 2417 417 2475 quadam
443 2425 534 2458 orta
564 2424 795 2474 putantur,
828 2418 942 2476 apud
973 2417 1147 2459 Siculos
1176 2417 1452 2475 potissimum
1483 2433 1608 2458 usur-

152 2493 273 2542 patas
305 2493 346 2527 et
375 2485 559 2527 fortasse
588 2489 701 2543 apud
735 2486 1004 2544 Sophronem
1037 2485 1169 2527 lectas
1201 2486 1357 2527 fuisse.
1427 2485 1464 2526 E
1497 2484 1608 2526 Sici-

152 2553 213 2595 lia
243 2568 340 2595 cum
371 2552 469 2594 aliis
500 2568 587 2594 non
616 2554 765 2610 paucis
795 2554 1044 2610 Aeschylus
1074 2552 1328 2610 apportavit.

267 2650 394 2706 Pag.
430 2651 511 2693 ‘194
549 2650 580 2692 l.
611 2650 654 2693 9.
715 2653 918 2694 Attamen
947 2654 1087 2705 χρυσῷ
1118 2648 1302 2702 στεφάνῳ
1331 2648 1494 2707 legitur
1525 2647 1604 2690 Ca-

151 2719 288 2775 lymn.
320 2717 446 2762 2671.
