1779 3079
542 129 558 145 ⁸
583 166 623 224 ς.
657 166 734 214 23.
806 166 879 211 De
909 164 1122 212 diaeresi.
1489 167 1580 217 193

135 299 251 358 quod
281 299 518 343 Pindarum
559 317 582 344 e
621 300 786 343 Doride
824 298 999 341 duxisse
1039 307 1215 342 testatur
1241 301 1494 344 Eustathius
1536 318 1579 360 p.

135 367 204 409 20.
265 367 496 411 Diaeresin
526 370 701 423 ἐϋμαρεά
731 366 991 424 Epicharmo
1022 369 1317 411 concessimus
1349 369 1403 410 fr.
1436 369 1503 411 23.

244 451 289 502 2)
349 452 613 508 Plerumque
651 450 857 492 diaeresis
897 449 1016 492 notio
1057 450 1183 492 etiam
1221 452 1349 494 latius
1393 452 1584 495 extendi·-

133 524 226 572 tur,
275 526 322 560 ut
351 519 495 561 omnia
524 518 880 574 comprehendat,
935 533 1241 576 quaecunque,
1290 536 1419 576 quum
1451 521 1583 579 vulgo

132 586 462 640 contrahantur,
507 586 551 626 in
595 585 789 627 dialectis
836 586 1006 627 vocales
1051 601 1137 627 non
1177 587 1430 641 conjunctas
1462 589 1583 630 exhi—

133 653 252 694 bent.
323 653 537 710 Pleraque
568 654 661 709 ejus
693 653 892 710 generis,
932 668 1040 709 quae
1071 653 1114 694 in
1146 653 1386 711 antiquiore
1419 655 1583 698 Doride

131 719 428 777 reperiuntur,
486 720 600 761 infra
648 720 1017 762 commemoranda
1065 721 1294 774 ducimus,
1355 738 1485 778 quum
1532 723 1584 764 de

130 787 445 841 contractione,
494 789 545 829 de
577 788 864 830 declinatione
895 796 936 829 et
966 789 1018 829 de
1049 789 1355 847 conjugatione
1386 805 1579 846 agemus.

127 853 254 895 Nunc
286 855 423 896 varias
454 856 666 898 vocalium
697 856 1050 910 conjunctioneS,
1096 872 1204 914 quae
1245 857 1376 913 vulgo
1416 865 1582 897 coutra-

128 921 312 964 ctionem
344 923 596 979 postulant,
641 924 954 979 perlustrantes
994 923 1144 980 paucis
1176 923 1495 977 indicabimus,
1545 925 1581 965 si

79 1018 81 1020 -
127 1005 236 1046 quae
265 990 379 1047 apud
408 989 648 1033 Dorienses
678 1007 765 1032 non
795 992 1128 1032 contrahanturz

240 1091 317 1124 αε,
352 1091 459 1126 aaa,
493 1094 579 1126 αη,
614 1094 671 1133 ay
705 1077 750 1117 in
782 1076 1092 1133 conjugatione
1123 1092 1341 1134 nunquam
1370 1094 1452 1119 non
1481 1093 1581 1119 eon-

125 1143 376 1197 trahuntur,
422 1143 511 1186 vid.
547 1147 586 1198 ξ.
619 1146 690 1187 24.
764 1143 862 1185 Non
896 1144 1145 1185 coalescunt
1178 1145 1348 1186 vocales
1381 1145 1424 1185 in
1459 1147 1581 1186 ὸαε-

125 1209 237 1260 λός,
285 1226 371 1267 quo
403 1210 601 1269 Sophron
634 1210 870 1253 secundum
902 1211 973 1251 Et.
1008 1211 1070 1252 M.
1103 1211 1209 1264 246,
1243 1213 1296 1253 35
1339 1228 1416 1269 pro
1459 1213 1580 1261 ὁαλός

127 1293 232 1318 usus
263 1286 353 1331 cst,
388 1286 429 1320 et
460 1277 637 1328 ἀείδω,
690 1287 736 1319 ut
766 1278 953 1336 Lysistr.
991 1280 1124 1331 1243,
1173 1295 1282 1336 quae
1313 1295 1440 1321 voees
1474 1281 1580 1321 anti-

124 1345 270 1402 quitus
302 1345 514 1403 digamma
545 1346 821 1388 intersertum
852 1346 1082 1389 habebant.

239 1447 322 1480 αο,
370 1448 481 1484 aot,
531 1448 649 1481 αου,
694 1448 762 1471 αω
804 1431 848 1472 in
880 1431 1169 1473 declinatione
1199 1438 1241 1473 et
1271 1432 1580 1490 conjug-atione

127 1514 296 1556 semper
326 1499 596 1552 coalescunt,
629 1499 885 1556 plerumque
915 1500 959 1540 in
991 1500 1200 1556 reliquis,
1232 1500 1320 1541 vid.
1355 1500 1497 1553 3124.

237 1598 293 1623 εα
333 1583 377 1623 in
410 1582 698 1623 declinatione
728 1582 850 1623 tertia
883 1582 1009 1624 modo
1042 1584 1377 1626 contractionem
1408 1586 1577 1642 patiun-

124 1657 219 1703 tur,
252 1650 379 1691 modo
409 1665 495 1690 non
528 1650 802 1703 coalescunt,
834 1650 922 1692 vid.
947 1649 988 1702 ξ
1007 1650 1075 1692 30.
1136 1650 1234 1692 Non
1268 1656 1580 1696 contralmntur

124 1717 298 1758 nomina
330 1717 375 1758 in
407 1733 452 1757 εα
484 1717 750 1769 desinentia,
791 1725 837 1758 ut
868 1719 1002 1771 φακέα
1032 1717 1189 1775 Epich.
1228 1720 1296 1767 17,
1341 1723 1460 1760 omnia
1492 1722 1578 1763 He-

123 1784 227 1826 rael.
260 1785 306 1834 I,
338 1785 394 1827 24
431 1800 509 1840 pro
544 1788 660 1837 φακῆ
691 1793 733 1826 et
765 1788 883 1834 συκῆ.
944 1786 995 1826 In
1027 1786 1250 1827 nonnullis
1280 1787 1456 1829 vocilius
1488 1788 1577 1830 Do-

123 1851 184 1892 ris
217 1858 364 1893 contra
395 1853 586 1910 vulgaris
618 1853 794 1910 linguae
825 1869 949 1894 usum
983 1854 1224 1907 contrahit,
1258 1862 1303 1895 ut
1336 1858 1468 1910 κρῆς
1500 1872 1576 1913 pro

123 1919 248 1974 κρέας
278 1918 488 1961 Doricum
519 1936 615 1961 esse
646 1921 828 1962 traditur
858 1937 880 1961 a
912 1920 1124 1977 Gregorio
1164 1937 1202 1977 p.
1235 1922 1344 1975 235,
1392 1938 1414 1963 e
1446 1923 1577 1965 dialc-

122 1994 191 2028 cto
239 1989 414 2028 affertur
454 1987 505 2028 ab
535 1988 725 2029 Arcadio
766 2004 809 2045 p.
845 1989 951 2040 126,
983 1990 1010 2030 9
1055 1996 1095 2029 et
1134 1988 1419 2046 Theoguosto
1462 1991 1575 2033 Oxx.

123 2054 193 2103 Π,
228 2055 335 2106 135,
370 2055 421 2109 2,
463 2062 504 2096 ct
532 2055 695 2112 legitur
723 2056 914 2097 Acharn.
947 2055 1052 2108 761,
1098 2072 1182 2112 quo
1216 2064 1378 2113 spectat
1412 2057 1577 2116 Grego-

123 2121 242 2172 rius,
291 2121 448 2179 Sophr.
483 2123 560 2175 51,
607 2122 793 2164 Theoer.
827 2123 871 2173 I,
907 2123 934 2164 6
978 2131 1018 2163 et
1049 2127 1172 2176 κρῆ,
1222 2125 1336 2180 quod
1368 2124 1575 2168 Doricum

123 2204 220 2230 esse
250 2205 326 2246 pro
358 2189 458 2243 κρέα
489 2190 661 2231 tradunt
689 2190 732 2233 J.
761 2190 835 2232 Gr.
869 2191 967 2239 243,
988 2191 1039 2240 b,
1075 2190 1150 2232 Gr.
1179 2190 1229 2232 C.
1263 2192 1360 2244 359,
1391 2192 1570 2235 Meerm.

122 2256 232 2308 659,
279 2271 520 2314 quanquam
559 2259 660 2311 κρέα
702 2258 907 2315 seriptum
946 2265 1057 2299 extat
1097 2259 1251 2316 Epich.
1285 2260 1364 2313 823
1413 2266 1440 2312 ρ)
1455 2260 1573 2314 λη’ρ,

123 2339 210 2381 quo
241 2323 424 2364 Alcman
456 2340 561 2366 usus
593 2333 658 2367 est
687 2342 764 2382 pro
798 2327 963 2379 δέλεαρ,
995 2326 1084 2367 vid.
1116 2326 1171 2367 L.
1204 2327 1225 2367 Ι
1267 2327 1308 2379 ξ.
1341 2327 1367 2367 f)
1408 2335 1496 2368 not.
1531 2328 1573 2380 ἴ),

124 2390 280 2432 deinde
325 2392 492 2440 δέλητα,
540 2391 657 2448 quod
688 2392 921 2434 Theocrito
953 2393 1091 2445 XXI,
1125 2394 1178 2435 10
1218 2393 1433 2449 probabili
1474 2410 1573 2435 con-

117 2458 287 2514 jectura
317 2458 558 2500 restitutum
589 2466 679 2510 est,
713 2460 843 2515 ὃέλῃτι
872 2461 986 2518 apud
1013 2460 1305 2517 Hesychium,
1341 2462 1455 2517 quod
1481 2462 1572 2516 jam

122 2525 330 2568 Doricum
362 2525 558 2577 videtur,
606 2525 785 2575 ὃελήτιον
815 2527 972 2584 Sophr.
1006 2528 1089 2581 20,
1138 2543 1246 2584 quae
1277 2543 1360 2568 vox
1389 2544 1571 2570 comme-

123 2600 311 2635 moratur
355 2593 480 2635 etiam
526 2593 577 2634 ab
622 2593 850 2636 Eustathio
894 2596 1030 2648 1721,
1073 2596 1092 2635 l
1141 2601 1182 2635 et
1225 2594 1444 2651 Hesychio
1490 2598 1568 2647 (ef,

125 2660 280 2716 φρήτια
323 2661 368 2702 in
407 2661 536 2702 titulo
566 2660 751 2702 Aci-ensi
794 2678 860 2703 nr.
893 2662 967 2715 3),
1014 2661 1220 2711 ἀλήτων
1260 2678 1338 2719 pro
1381 2661 1574 2704 ἅλειάτων

124 2727 175 2768 ab
205 2728 344 2782 ἅλειαρ
376 2728 570 2770 Rhintho
599 2728 714 2785 apud
741 2728 903 2771 Athen.
933 2730 997 2771 XI
1030 2746 1072 2787 p.
1104 2729 1198 2772 500.
1230 2729 1291 2782 ss,
1336 2726 1396 2783 ἦρ
1426 2731 1568 2773 Alcm.

180 2812 239 2853 11.
1258 2814 1307 2856 13
