1779 3079
571 179 616 238 §.
655 180 700 227 2.
771 180 846 226 De
881 179 1105 228 fontibus.
1495 181 1558 230 21

108 312 320 369 judicavit
338 312 448 379 Bor.
481 315 523 357 ΙΙ
553 330 598 373 p.
622 314 727 367 324,
761 313 835 354 uhi
866 314 995 356 simul
1021 315 1188 374 priores
1218 315 1427 358 editiones
1456 333 1558 360 enu-

111 389 295 423 meratae
325 388 438 423 sunt.
503 380 619 434 Quid
648 379 818 422 tandem
848 381 949 422 fidei
978 383 1214 425 tribuamus
1246 383 1311 438 ei,
1353 384 1427 442 qui
1457 385 1560 426 satis

111 456 357 491 constanter
400 467 415 489 ι
441 465 520 507 pro
549 465 572 488 υ
605 454 646 489 et
675 465 695 488 τ
725 463 806 505 pro
833 453 868 488 θ
896 448 1143 507 scripserit,
1188 451 1354 493 seilicet
1379 451 1559 495 Laconi-

110 532 182 558 cas
215 533 310 558 esse
340 532 410 558 eas
440 514 695 557 mutationes
726 515 955 572 opinatus?

222 583 292 640 14)
351 583 689 640 Argivorum
730 583 958 625 dialectum
998 583 1270 640 agnoscimus
1309 584 1354 626 in
1386 585 1556 644 Sparta-

107 667 261 693 norum
305 658 346 692 et
387 650 651 708 Argivorum
695 651 868 693 foedere
912 652 1025 709 apud
1063 651 1362 708 Thucydidem
1392 653 1450 708 V,
1482 655 1553 698 79.

108 718 237 771 Quod
274 734 406 776 quum
447 727 519 759 aut
544 718 757 760 Laconica
794 726 865 760 aut
894 719 1058 776 Argiva
1089 719 1270 761 dialecto
1300 720 1431 762 scribi
1461 738 1556 779 pos·

106 793 197 840 set,
241 786 352 827 nihil
381 786 471 827 sere
509 786 640 836 inest,
687 786 804 844 quod
832 786 1054 829 Laconum
1084 785 1140 827 sit
1170 786 1420 843 proprium,
1465 789 1551 830 vid.

103 853 305 911 Append.
379 854 449 895 De
479 853 687 911 Dercyllo
706 885 718 907 ,
762 870 890 912 quem
919 854 1084 911 Argiva
1113 853 1295 896 dialecto
1325 869 1451 897 usum
1477 872 1556 914 pu-

103 927 325 975 taverunt,
357 921 443 962 vid.
477 918 517 978 ἓ.
548 922 602 974 9,
636 921 677 963 5.

217 988 291 1029 Aa
337 988 760 1030 Corinthiorum
810 989 1035 1032 dialectum
1081 990 1424 1045 cognoscendam
1466 1007 1554 1033 non

103 1055 197 1097 sine
238 1056 382 1097 fructu
421 1063 521 1098 sunt
549 1056 730 1098 fieticiae
757 1057 984 1098 Periandri
1015 1056 1220 1115 epistolae
1250 1058 1364 1114 apud
1391 1058 1553 1116 Dioge-

100 1139 200 1164 nem
229 1123 447 1165 Laertium
476 1124 521 1178 Ι,
564 1124 633 1166 99.
677 1124 781 1177 100,
823 1140 1064 1181 quanquam
1094 1131 1136 1165 et
1164 1124 1362 1180 vulgares
1392 1126 1552 1169 formae

99 1190 369 1232 intermixtae
400 1198 500 1232 sunt
529 1199 571 1232 et
598 1191 811 1233 Lesbiaca
849 1191 1046 1241 ποιήσαις
1084 1208 1165 1250 pro
1191 1191 1370 1243 ποιήσας
1407 1202 1448 1236 et
1477 1211 1553 1235 κα-

99 1257 329 1306 τακαύσαις
359 1258 404 1299 in
435 1258 580 1300 altera.
927 1264 929 1266 ’

211 1325 540 1382 Megaricam
582 1326 811 1369 dialectum
853 1326 1168 1384 Aristophanes
1211 1326 1257 1368 in
1295 1329 1552 1372 Acharneu-

100 1394 212 1436 sium
240 1402 359 1452 parte
390 1394 632 1451 expressit,
685 1395 761 1435 sed
799 1410 939 1452 neque
966 1394 1060 1451 ipse
1090 1409 1231 1452 neque
1263 1396 1428 1438 librarii
1457 1396 1551 1440 Me·

98 1462 283 1519 garicam
313 1461 615 1519 proprietatem
645 1469 761 1504 tanta
797 1468 915 1504 cura‘
935 1468 1185 1516 servarunt,
1230 1472 1387 1522 quanta
1415 1464 1548 1507 Laco-

96 1530 237 1572 nicam
266 1530 311 1570 iu
341 1529 593 1586 Lysistrata.

208 1597 423 1639 Addimus
461 1596 532 1637 hic
570 1596 997 1653 Byzantiorum,
1044 1598 1118 1656 qui
1162 1605 1283 1640 erant
1320 1598 1546 1656 Megaren-

98 1665 210 1707 sium
239 1664 409 1717 coloni,
441 1663 656 1705 decretum
683 1663 729 1704 in
750 1664 1056 1706 Demosthenis
1087 1666 1276 1708 oratione
1307 1666 1359 1707 de
1390 1682 1548 1709 corona

98 1733 140 1786 ξ.
171 1733 241 1775 90.
303 1731 574 1788 Droysenius
604 1731 648 1772 in
683 1731 1018 1773 Zimmermanni
1048 1732 1406 1790 Ephcmeridihus
1438 1735 1547 1777 1839

97 1817 164 1842 nr.
193 1800 273 1842 102
302 1799 466 1840 dubitat
494 1815 547 1840 an
580 1815 675 1840 cum
705 1799 885 1857 reliquis
917 1800 1010 1855 ejus
1041 1801 1244 1843 orationis
1278 1801 1544 1843 documentis

98 1868 293 1926 spurium
320 1867 562 1908 habendum
593 1867 675 1921 sit,
705 1867 751 1908 in
785 1867 965 1909 dialecto
996 1875 1136 1909 tamen
1168 1868 1279 1909 nihil
1302 1870 1392 1911 fere
1411 1868 1543 1922 videt,

97 1935 214 1994 quod
243 1936 458 1976 offendere
488 1934 638 1992 possit.
700 1935 791 1977 Nos
820 1935 920 1976 inde
949 1936 1095 1994 potius
1117 1936 1353 1977 certissima
1380 1936 1544 1978 fraudis

97 2010 346 2061 argumenta
383 2002 583 2060 petimus.
672 2002 771 2044 Nou
814 2002 928 2044 enim
971 2003 1109 2045 solum
1146 2003 1345 2060 vulgares
1382 2004 1543 2046 formae

96 2071 211 2112 haud
239 2086 401 2127 paucae
430 2071 659 2127 leguntur,
692 2077 738 2111 ut
767 2070 992 2123 βοηθήσας
1022 2087 1101 2128 pro
1124 2070 1374 2124 βοαθήσας,
1407 2073 1544 2112 ἑκκαι-

101 2137 338 2191 ὂεκαπήχὲις
368 2155 446 2196 pro
475 2138 674 2192 -πάχεις,
725 2139 906 2192 θεωρίας
934 2154 1012 2195 pro
1042 2140 1245 2193 θεαρίας,
1289 2138 1544 2192 πανηγύριας

98 2221 177 2263 pro
213 2205 493 2259 παναγύριας,
556 2208 667 2258 ἡμῶν
707 2222 784 2263 pro
825 2207 978 2258 ἁμέων,
1039 2206 1114 2247 sed
1144 2206 1297 2260 etiam,
1355 2206 1400 2248 id
1429 2207 1544 2264 quod

97 2272 289 2314 fraudem
318 2273 499 2315 maxime
531 2273 712 2327 evincit,
743 2274 876 2314 multa
907 2290 928 2315 e
951 2273 1162 2315 severiore
1184 2273 1364 2315 Doridis
1385 2289 1542 2330 genere

98 2339 343 2382 intermixta
386 2348 508 2395 sunt,
555 2358 686 2399 quum
723 2341 925 2399 Byzantii
961 2341 1129 2383 mitiore
1168 2348 1415 2393 uterentur,
1462 2340 1543 2382 alia

99 2408 202 2449 adeo
233 2422 256 2448 e
286 2406 477 2448 dialectis
507 2408 713 2450 Lesbiaca
742 2416 784 2450 et
812 2409 972 2451 Ionica.
1040 2409 1151 2451 Nam
1181 2409 1340 2451 Dorica
1369 2407 1542 2464 quidem

99 2474 175 2517 sed
206 2491 228 2516 a
261 2474 568 2530 Byzantiorum
597 2476 776 2518 dialecto
806 2477 943 2518 aliena
983 2483 1084 2518 sunt
1126 2494 1156 2517 ω
1189 2484 1230 2518 et
1261 2495 1282 2526 η
1313 2490 1392 2533 pro
1424 2492 1470 2516 ov
1500 2483 1542 2517 et

98 2559 134 2583 ει
163 2542 208 2583 in
238 2541 338 2583 his:
383 2544 658 2598 Βοσπορίχω,
700 2543 838 2599 βωλά,
877 2546 1065 2586 Φιλίππω
1095 2548 1177 2598 τῶ,
1207 2543 1289 2591 τοὶς
1313 2545 1444 2594 νόμως
1473 2545 1542 2583 καὶ

95 2609 176 2658 τοὶς
211 2609 377 2663 τάςῑως,
418 2613 474 2650 τῶ
515 2610 650 2663 δάμω,
695 2611 776 2660 τώς
818 2612 1052 2665 στεφάνως,
1102 2608 1225 2663 ἦμεν,
1285 2611 1540 2668 quibuscum

99 2693 187 2720 non
210 2677 444 2719 concinunt
474 2678 665 2733 ἐξείλετο,
698 2682 928 2734 κατοικεῖν,
960 2681 1174 2731 ἐθέλουσι,
1207 2676 1542 2731 ἀλειτούργητος

100 2751 143 2787 et
171 2747 444 2802 λειτουργία,
487 2747 832 2801 στεφανούμενος,
877 2747 1135 2801 ἀποστεῖλαι,
1166 2745 1211 2787 in
1240 2745 1397 2803 quibus
1427 2761 1543 2788 seve·
