1779 3079
322 152 364 211 §.
396 152 474 201 44.
511 154 585 200 De
611 149 854 200 adverbiis
881 148 976 197 loci
1008 158 1054 196 et
1085 146 1332 210 temporis.
1448 146 1547 196 365

101 287 154 330 ad
198 304 468 330 communem
505 290 668 330 sontem
708 286 946 329 revocanda
986 302 1082 328 esse
1119 301 1361 328 censemus.
1418 285 1548 328 Anti-

70 356 310 414 ¹quissima
349 357 463 397 enim
505 356 750 398 terminatio
789 359 849 395 Fa
887 354 1024 394 fuisse
1062 354 1233 396 videtur
1273 355 1368 407 vel,
1410 354 1549 396 vocali

99 425 361 481 praemissa,
411 429 517 465 oFc.
590 424 706 464 Hinc
747 422 934 479 primum
978 420 1105 462 facile
1152 428 1248 462 nata
1288 429 1354 463 est
1392 422 1550 464 Latina

98 491 344 533 terminatio
373 492 428 533 hi
459 491 596 544 (ibi,
637 490 752 539 ubi,
794 486 1013 544 utrobi)
1045 496 1087 529 et
1119 488 1281 530 Graeca
1313 507 1391 541 φι,
1439 506 1548 548 quae

98 562 142 600 in
177 559 331 612 αὐτόφι
360 559 590 617 aliquoties
622 557 736 614 apud
758 557 994 598 Homerum
1027 563 1192 596 servata
1223 564 1312 609 est3
1342 557 1442 598 hinc
1472 573 1551 615 per

97 626 380 685 aspiratarum
412 625 795 682 permutationem,
844 626 915 666 cui
956 624 1126 665 favebat
1167 623 1463 666 adverbiorum
1502 626 1550 667 in

96 701 171 735 θεν
201 694 425 750 analogia,
472 693 670 734 usitatior
699 692 943 734 terminatio
980 699 1039 733 θί
1075 691 1257 748 prodiit,
1302 691 1431 741 πόθι,
1476 692 1549 733 αὖ-

96 761 205 802 τόθι.
267 761 439 802 Deinde
469 766 523 801 Γι
553 760 761 802 facillime
791 760 962 801 transiit
990 759 1034 800 in
1067 759 1330 800 Lesbiacum
1363 776 1426 809 υι,
1472 761 1549 801 ubi

96 836 204 870 teste
236 829 464 870 Prisciano
504 846 527 868 v
566 828 893 885 pronuntiatum
926 835 991 869 est
1020 826 1133 867 sicut
1172 843 1201 867 u
1241 827 1286 867 in
1329 828 1547 881 suavis,

96 913 206 954 quae
236 896 479 938 terminatio
519 896 620 936 item
660 896 706 936 in
748 896 922 936 Cretico
964 894 1034 934 τύϊ
1066 894 1360 951 conspiciturr,
1407 911 1550 952 neque

95 965 220 1005 aliter
251 981 303 1006 ex
336 970 412 1005 oFo
436 964 595 1004 factum
620 971 686 1005 est
717 980 796 1004 ουι
826 963 869 1003 in
894 962 1066 1003 Cretico
1087 961 1244 1011 κηνούϊ.
1305 962 1548 1020 Diphthon-

97 1048 178 1087 gns
206 1049 245 1072 υι
276 1048 401 1089 quam
432 1039 581 1088 vergat
611 1031 656 1071 in
697 1048 720 1070 υ
750 1038 791 1072 et
822 1047 893 1083 οι,
940 1046 1050 1088 quae
1089 1038 1189 1071 sunt
1226 1030 1551 1073 terminationes

95 1099 359 1152 Laebiaeae,
391 1101 494 1140 haec
524 1099 651 1140 etiam
668 1098 856 1147 Dorica,
891 1098 1175 1155 conspicuum
1207 1106 1297 1151 est3
1328 1114 1351 1139 e
1379 1097 1550 1139 Cretica

94 1167 396 1208 terminatione
422 1184 486 1207 ουι
506 1167 712 1208 facillime
731 1167 953 1224 vulgarem
986 1183 1041 1206 ου
1072 1165 1346 1207 derivaveris.
1393 1165 1550 1208 Paullo

93 1234 232 1290 magis
276 1234 328 1275 ab
372 1234 548 1292 antiqua
593 1235 730 1275 forma
769 1234 951 1275 recessit
990 1233 1151 1274 Dorica
1190 1233 1435 1275 terminatio
1481 1250 1549 1288 εις

95 1317 319 1358 compares
349 1309 490 1343 tamen
518 1303 704 1355 γλυκεῖα,
754 1303 869 1360 quod
910 1318 988 1360 pro
1018 1306 1197 1355 γλυκΓια
1227 1317 1323 1343 esse
1356 1309 1548 1359 apparet,

97 1375 140 1409 et
168 1369 378 1411 Doricum
409 1371 586 1419 ἐοικεῖα,
629 1368 745 1426 quod
777 1378 843 1411 est
872 1386 949 1427 pro
980 1369 1149 1425 vulgari
1183 1370 1366 1422 ἐοικυῖα,
1398 1369 1549 1411 lonico

97 1437 270 1478 ἐοικυῖα.
331 1437 600 1479 Difficillima
635 1445 775 1478 autem
805 1436 857 1477 ad
888 1436 1192 1492 explicandum
1224 1444 1289 1478 est
1317 1436 1550 1479 severioris

95 1503 278 1546 Doridis
309 1504 553 1547 terminatio
584 1523 634 1557 η,
666 1521 832 1562 neque,
864 1521 996 1561 quum
1020 1505 1104 1545 iota
1125 1504 1225 1546 huie
1246 1505 1550 1546 adverbiorum

100 1573 250 1628 generi
280 1574 332 1614 ab
363 1573 534 1630 origine
564 1572 808 1621 inhaereat,
840 1572 1049 1628 reliquis,
1091 1572 1136 1613 in
1168 1572 1329 1629 quibus
1361 1571 1551 1613 severior

96 1639 231 1681 Doris
262 1659 287 1690 η
318 1656 397 1697 pro
426 1640 599 1697 vulg-ari
640 1657 674 1680 ει
711 1639 868 1681 habere
908 1640 1069 1681 certius
1112 1640 1416 1696 cognoscitur,
1461 1639 1551 1681 nisi

96 1707 343 1748 dubitanter
374 1708 610 1764 comparari
641 1715 796 1765 potest.

208 1775 251 1823 5)
298 1774 420 1827 Quae
451 1775 653 1816 adverbia
684 1775 812 1816 modo
843 1774 1209 1829 enumeravimus,
1243 1774 1385 1817 omnia
1411 1791 1432 1816 a
1452 1791 1550 1833 pro·

94 1841 345 1883 nominibus
377 1843 673 1895 descendunt,
720 1859 806 1883 una
836 1842 1126 1900 Epimenidea
1161 1859 1267 1884 voce
1304 1845 1448 1893 πλατιή
1481 1860 1552 1885 ex-

95 1917 232 1967 cepta.
295 1908 466 1951 Similia
495 1918 636 1951 tamen
668 1920 770 1951 sunt
799 1910 1004 1951 adverbia
1034 1910 1269 1967 quaedam,
1309 1911 1412 1952 item
1442 1912 1551 1954 mul·

93 1977 315 2030 tiformia,
349 1994 459 2034 quae
489 1994 512 2019 a
542 1978 937 2035 praepositionibus
968 1980 1009 2018 ἐν
1041 1987 1083 2020 et
1116 1979 1156 2027 ἐξ
1177 1978 1437 2020 derivantur.
1483 1979 1551 2021 Eo

95 2044 314 2102 pertinent
342 2047 529 2101 primum
548 2046 760 2102 Hesychii
784 2046 956 2101 glossae
988 2046 1150 2096 ἐνύει,
1183 2046 1319 2088 ἔνδον·
1350 2046 1552 2094 Λάκωνες

97 2118 140 2152 et
170 2111 301 2161 ἔξει,
335 2111 436 2159 ἔξω·
467 2112 683 2161 Λάκωνες.
745 2114 862 2155 Illud
886 2129 939 2154 ex
958 2115 1061 2154 ἐντεῖ
1081 2122 1330 2171 corruptum
1352 2114 1549 2167 videtur3

98 2179 325 2236 utriusque
350 2180 695 2222 terminationem
722 2181 945 2234 miramur,
980 2182 1017 2222 si
1047 2184 1129 2233 πεῖ,
1162 2184 1261 2223 mide
1284 2190 1364 2224 etc.
1394 2182 1496 2237 jure
1527 2197 1550 2223 a

97 2246 315 2288 Laconica
346 2247 528 2289 dialecto
557 2248 696 2289 aliena
727 2256 943 2305 putantur.
986 2275 1040 2281 —-
1097 2250 1270 2291 Deinde
1301 2256 1467 2291 constat
1497 2249 1550 2290 de

97 2314 242 2356 ἔνδοι
270 2322 311 2356 et
342 2315 452 2364 ἔξοι
482 2315 595 2372 apud
619 2314 916 2372 Syracusanos
937 2320 971 2366 4)
1002 2332 1080 2374 pro
1111 2317 1224 2359 ἔνδον
1254 2324 1296 2358 et
1320 2316 1410 2367 ἔξω,
1444 2333 1549 2375 quo-

143 2499 179 2541 4)
228 2498 288 2534 Et,
315 2498 366 2531 Μ.
393 2498 480 2536 663,
506 2498 561 2532 28.
614 2495 646 2529 οἱ
669 2498 902 2543 Συρακούσιοι
935 2500 1000 2537 ἕξοι
1033 2500 1165 2541 λέγουσι
1201 2517 1242 2523 -—-
1279 2498 1319 2533 τὸ
1346 2500 1439 2534 ἔνδον
1462 2498 1553 2533 ἔνὸοῖ

98 2556 250 2597 λέγουσιν
284 2553 326 2592 ὥς
358 2554 457 2601 παρὰ
496 2555 682 2598 Θεοκρίτῳ·
720 2555 810 2588 ἐνὸοἷ
829 2557 1018 2602 Πραξινόα,
1044 2576 1086 2581 -
1133 2556 1299 2590 Eustath.
1324 2557 1409 2599 140,
1436 2558 1480 2591 13
1512 2565 1548 2591 et

97 2613 193 2645 Ann.
218 2614 319 2646 Oxx.
346 2612 423 2654 III,
450 2614 537 2654 397,
563 2614 595 2646 S.
645 2610 754 2657 ἁρμοῖ
771 2614 1015 2659 Συρακουσίων
1049 2613 1085 2648 ἲν
1117 2613 1206 2646 κατὰ
1238 2612 1296 2648 τὸν
1320 2612 1469 2655 uffan&
1504 2635 1546 2640 —

99 2669 188 2702 κατὰ
219 2670 259 2702 τὸ
291 2671 349 2707 ἔξω
382 2670 452 2707 ἐξοῖ
472 2671 529 2701 καὶ
554 2671 647 2703 ἔνδον
672 2670 762 2703 ἕνόοῖ
784 2670 883 2718 παρὰ
911 2672 1091 2717 Θεοκρίτῳ,
1142 2672 1200 2705 De
1225 2671 1434 2706 Siculorum
1459 2673 1546 2705 ἔνδοι

99 2725 174 2761 vid.
202 2727 229 2769 ς.
259 2729 301 2762 14
331 2733 405 2762 not.
434 2729 464 2762 1.
504 2746 545 2752 -—
596 2728 660 2762 Gr.
686 2728 726 2762 C.
754 2729 821 2763 367
854 2728 945 2762 ἐνδοῖ
966 2728 1144 2763 Doricum
1178 2728 1272 2763 dicit
1303 2729 1544 2764 Theocritum
