1779 3079
226 170 326 219 360
555 167 595 226 §.
632 168 712 217 43.
782 169 856 215 De
891 165 1335 231 praepositionibus.

230 305 337 346 tium
363 304 525 348 Dorica
556 304 740 347 dialecto
771 319 858 345 non
888 320 912 345 a
943 302 1267 346 Corinthiorum
1300 300 1468 342 colonis
1504 306 1677 357 accepta

229 372 488 426 utebantur,
527 388 626 414 eum
658 371 833 414 Boeotis
864 380 906 413 et
933 370 1160 413 Thessalis
1191 368 1296 421 (vid.
1328 368 1443 410 infra
1472 366 1674 408 Addend.

230 440 282 481 ad
312 439 367 481 L.
390 441 411 482 I
441 443 482 494 §.
507 440 578 491 50)
607 441 647 481 ἐν
676 456 754 498 pro
785 442 841 488 εἰς
873 439 1100 492 dixerunt,
1133 445 1175 479 et
1202 436 1254 478 ab
1285 436 1340 477 iis
1373 435 1518 493 potius
1549 450 1678 492 quam

229 524 254 550 a
298 507 477 550 Boeotis
521 508 700 550 Pindari
744 507 1010 550 consuetudo
1054 503 1286 564 repetenda
1328 511 1394 545 est
1429 503 1516 545 vid.
1560 503 1615 545 L.
1658 501 1678 543 I

228 574 271 629 g.
304 576 383 626 54,
416 576 456 618 3.

342 687 503 731 Mirum
534 697 629 743 est,
675 689 793 747 quod
822 688 964 731 Dores
995 688 1059 730 ἑνό
1091 696 1133 729 et
1163 686 1227 736 ἐξό
1258 703 1337 744 pro
1369 686 1496 727 ἔνεστι
1527 692 1570 727 et
1600 684 1685 733 ἔξε-

234 774 298 799 στι
337 757 503 799 dixisse
546 757 823 809 referuntur,
869 772 1051 813 quorum
1083 755 1196 797 illud
1226 755 1353 796 etiam
1384 753 1561 796 Aeolidi
1591 752 1684 794 vin—

232 825 399 866 dicatur
419 825 471 877 5).
532 824 668 867 Recte
685 824 941 865 Dindorfius
972 823 1025 863 ad
1048 822 1258 880 Stephani
1273 823 1548 864 Thesaurum
1577 820 1681 863 Vol.

232 894 299 935 Ill
329 910 373 952 p.
407 892 515 936 1055
546 901 768 934 accentum
800 891 846 932 in
876 889 1112 948 penultima
1141 891 1360 947 postulare
1389 889 1572 931 videtur.

345 1008 393 1063 7)
454 1007 557 1053 Ξύν
598 1007 643 1049 in
688 1005 830 1047 titulis
874 1021 962 1047 non
1007 1004 1168 1060 legitur
1210 1011 1508 1062 praeterquam
1551 1003 1685 1045 Ther.

232 1077 360 1119 2448.
392 1076 484 1129 III,
517 1075 573 1118 37
602 1077 903 1123 ξυνοικοῦντες,
945 1073 1026 1126 IV,
1057 1073 1084 1114 7
1115 1075 1333 1126 ξυγγενῶν,
1366 1087 1610 1130 quanquam
1641 1071 1689 1112 in

236 1144 389 1186 eodem
423 1143 496 1184 σύν
535 1144 849 1200 frequentatur.
923 1141 975 1182 In
1004 1140 1274 1197 Lysistratae
1303 1139 1539 1182 Laconicis
1570 1143 1690 1188 ξυνα-

234 1213 343 1260 λίαξε
373 1216 440 1253 est
469 1227 510 1253 v.
541 1212 621 1265 93,
663 1210 741 1252 sed
773 1208 967 1259 συνθήκα
998 1208 1123 1251 1268.
1185 1209 1236 1250 ln
1269 1207 1441 1250 decreto
1470 1207 1690 1249 Laconico

239 1278 385 1321 Thuc.
416 1277 477 1332 V,
509 1279 565 1322 77
594 1285 842 1321 constanter
871 1276 1102 1332 ξύμμαχος,
1146 1276 1373 1330 ξυμμαχία,
1409 1275 1692 1328 ξυμβαλέσθαι

234 1345 485 1396 traduntur,
537 1353 580 1388 et
607 1346 710 1388 item
740 1346 786 1387 in
815 1345 990 1387 foedere
1017 1344 1281 1402 Argivorum
1311 1343 1370 1396 V,
1401 1343 1471 1385 79.
1541 1343 1693 1400 Itaque

237 1428 325 1455 non
365 1412 573 1455 audemus
613 1414 665 1456 ab
696 1413 941 1472 antiquiore
971 1412 1137 1455 Doride
1167 1413 1330 1454 formae
1362 1410 1431 1460 ξύν
1465 1427 1590 1453 usum
1622 1410 1693 1452 ab·

230 1480 448 1536 judicare.

350 1595 400 1651 8)
458 1596 690 1640 AeoIIcum
721 1596 849 1638 πεδά
880 1613 959 1655 pro
989 1596 1088 1649 μετά
1128 1596 1233 1648 (vid.
1267 1595 1321 1637 L.
1354 1594 1375 1635 I
1413 1594 1455 1647 ξ.
1486 1595 1564 1648 28,
1597 1595 1622 1636 3
1651 1602 1694 1636 et

237 1662 277 1719 ξ.
310 1664 381 1718 47,
415 1664 458 1716 5)
501 1681 557 1707 ne
587 1682 610 1707 a
641 1664 808 1707 Doride
848 1665 1024 1723 quidem
1058 1663 1302 1722 antiquiore
1333 1661 1520 1703 alienum
1553 1662 1692 1704 fuisse

236 1732 422 1774 videtur.
482 1732 534 1774 In
564 1733 748 1774 vetustis
780 1733 921 1775 titulis
953 1731 1136 1790 Argivis
1167 1749 1233 1773 nr.
1264 1732 1332 1773 14.
1363 1731 1443 1784 19,
1476 1730 1693 1788 siqnidem

236 1799 485 1842 Boeclahius
507 1808 622 1842 recte
644 1800 768 1854 vidit,
800 1800 1055 1843 πεὸάΓοικοι
1085 1808 1149 1841 est
1178 1815 1256 1857 pro
1279 1799 1479 1852 μέτοικοι.
1519 1798 1692 1840 Deinde

236 1867 282 1907 in
305 1868 581 1924 Epimenidis
612 1868 797 1924 epistola
827 1876 892 1909 est
918 1868 1020 1909 πεδὰ
1053 1868 1266 1922 αἰσχύνας,
1301 1866 1417 1925 quod
1449 1882 1472 1908 e
1503 1867 1693 1922 genuina

239 1934 514 1977 Cretensium
555 1936 740 1978 dialecto
779 1936 979 1978 hausisse
1017 1936 1208 1988 videtur,
1271 1934 1347 1991 qui
1387 1934 1513 1975 istam
1551 1934 1690 1975 finxit.

237 2001 349 2043 Nam
391 2002 436 2043 in
465 2001 704 2045 Vaxiorum
744 2003 916 2045 decreto
955 2019 1021 2043 nr.
1057 2002 1167 2044 3050
1206 2001 1374 2058 antiqui
1417 2002 1528 2043 situs
1562 2002 1693 2059 pleno

238 2085 317 2126 pro
358 2071 525 2122 ὁιέλεγεν
567 2069 663 2122 μετὰ
701 2069 840 2118 πάσας
886 2072 1093 2118 σπουδᾶς,
1145 2069 1260 2126 quod
1304 2069 1550 2111 Boeekhius
1594 2086 1693 2111 cum

241 2136 471 2180 Chishullo
503 2137 666 2190 edidit,
699 2137 904 2179 Sherardi
933 2138 1227 2194 apographum
1258 2138 1433 2195 praehet
1466 2139 1655 2188 δι..ειζη
1679 2170 1689 2179 .

241 2206 454 2253 &artavo-ag·
487 2220 583 2255 (DL,
632 2205 745 2246 unde
786 2204 888 2245 πεδὰ
918 2205 1078 2252 ῑιάνσας
1109 2205 1419 2246 restituendum
1450 2221 1545 2246 esse
1575 2205 1693 2248 vide·

241 2281 326 2314 tur.
387 2273 612 2315 Postremo
642 2290 694 2315 ex
725 2273 948 2329 Hesychio
979 2273 1156 2314 confer:
1210 2274 1465 2327 πὲδευρα,
1511 2273 1689 2329 ὕστερα·

242 2340 504 2389 Λάκωνες
543 2349 585 2382 et
613 2342 897 2395 πέδευρον,
948 2341 1143 2395 ὕστερον,
1191 2341 1334 2395 πάλιν,
1380 2341 1537 2391 ὀπίσω,
1583 2358 1692 2399 quae

242 2425 264 2449 a
295 2409 397 2448 m'd'a
428 2409 688 2451 descendere
719 2416 907 2467 apparet.

288 2632 322 2667 5)
374 2632 466 2664 Ann.
485 2631 584 2665 Oxx.
613 2631 642 2671 I,
673 2632 748 2670 160,
775 2630 830 2663 26.
880 2627 930 2664 ἓξὸ
955 2627 1046 2671 ῥῆμα
1073 2628 1171 2672 παρὰ
1197 2628 1363 2671 Δωριεῖ-σι
1387 2625 1464 2659 ἀντὶ
1489 2629 1549 2658 τοῦ
1575 2629 1689 2664 ἔξεστι.

247 2706 286 2712 ·-
340 2688 434 2722 [bid.
463 2690 547 2730 176,
577 2688 629 2721 12.
680 2686 700 2730 τ’)
733 2688 766 2719 ἐν
795 2684 959 2731 πρόθεσις
984 2685 1082 2729 παρὰ
1110 2685 1172 2729 τὴν
1197 2685 1347 2718 Αἰολίδα
1372 2685 1427 2716 καὶ
1451 2685 1591 2729 Δωρίδα
1614 2685 1690 2719 ὸινεί-

246 2747 361 2779 lutor
385 2745 436 2779 ἔνι’)
460 2747 606 2788 sturm,
632 2744 766 2779 ὁπόταν
790 2745 845 2776 καὶ
870 2743 947 2776 ἀντὶ
970 2743 1145 2788 ῥήματος,
1173 2743 1219 2776 cs.
1248 2755 1281 2787 p.
1312 2745 1394 2781 170,
1420 2743 1473 2777 25·
