1779 3079
456 217 498 277 §.
531 216 609 266 34.
681 216 755 263 De
784 213 1130 263 numeralibus.
1420 211 1515 261 281

74 355 204 404 τίοι,
236 354 526 408 τριακατίο
543 371 579 408 ι,
611 352 983 406 τιτρακατιόι,
1026 352 1397 404 πεντακατιόι,
1429 355 1519 391 Γε-

75 422 347 471 ξακατίοι,
382 422 726 468 ἑπτακατίοι,
760 419 1073 459 ὁκτακατιόι
1111 417 1339 468 (Doricum
1371 433 1520 459 aceen-

73 496 164 530 tum
185 488 495 546 appinxinum),
528 486 670 530 omnia
701 486 744 526 in
775 484 937 526 tabulis
957 484 1338 528 Heracleensibus.
1394 485 1521 527 Prae-

73 565 191 598 terea
223 557 428 596 ὃιακατιάι
457 562 521 597 est
559 555 604 595 in
632 553 793 609 Amph.
828 552 961 602 1688,
1008 550 1242 593 ὀκτακατιόι
1279 553 1323 593 in
1355 553 1518 594 Lacon.

76 623 211 673 1511,
246 624 302 664 cf.
325 623 436 663 infra
466 621 518 662 de
538 619 807 667 πεντακατιάς
835 619 879 660 in
900 618 983 660 Iss.
1012 619 1135 661 1834.
1184 620 1399 675 Vulgarcs
1434 622 1521 662 for-

74 705 167 732 mae
194 690 360 732 suntin
391 687 530 729 titulis
560 695 660 745 post
676 686 917 730 Alexandri
947 694 1126 728 aetatem
1159 687 1350 744 scriptis,
1386 687 1521 729 διακό-

76 774 159 798 σιοι
183 758 273 812 jam
305 757 350 797 in
371 755 546 797 Hcracl.
578 756 644 809 ΙΙ,
680 756 761 808 35,
791 754 1052 809 τετρακόσιοι
1082 753 1131 796 Β,
1159 754 1238 806 40,
1269 755 1350 796 hoe
1381 762 1521 797 tamen

74 824 222 866 nescio
253 839 305 865 an
336 823 561 866 Maittairii
593 838 737 865 errore
768 822 874 874 (vid.
907 822 947 875 ξ.
969 823 1011 871 2,
1042 822 1114 874 7),
1149 821 1373 871 ὁιακόσιοι,
1405 840 1523 874 τρια-

73 890 234 942 κόσιοι,
267 890 593 944 τεσσαρακόσιοι
622 891 667 932 in
691 890 892 947 Calymn.
916 890 1054 943 2671,
1085 890 1220 932 Ther.
1246 890 1376 944 2448,
1406 890 1521 931 Tau-

71 959 353 1001 romenitanis
385 966 466 1000 etc.
500 966 541 1000 et
571 959 682 1016 apud
713 958 1034 1000 Archimedem.

184 1028 374 1080 χίλιοι,
423 1027 611 1080 διςχίλιοι
657 1034 737 1068 etc.
784 1042 898 1067 nunc
937 1027 1142 1083 leguntur
1180 1025 1226 1067 in
1256 1026 1431 1068 Heracl.
1464 1026 1517 1068 Β.

71 1093 140 1136 36.
163 1094 240 1143 37,
274 1094 407 1136 Ther.
426 1094 564 1146 2448,
600 1093 924 1150 Calymn.2si7l
960 1101 1068 1147 οἱα,
1101 1101 1247 1135 contra
1278 1094 1322 1136 in
1354 1094 1519 1136 Lacon.

72 1162 179 1205 1511
210 1162 386 1219 antiqua
416 1161 628 1219 scriptura
656 1161 688 1202 l.
724 1163 790 1204 12.
827 1162 879 1203 19
907 1166 1033 1216 χελιοι
1072 1159 1190 1215 (nam
1220 1164 1374 1216 χιλίους
1403 1163 1434 1204 l.
1466 1163 1523 1205 22

71 1228 234 1286 duplici
264 1228 429 1270 ratione
458 1238 706 1286 corruptum
737 1245 832 1271 esse
864 1228 1060 1282 videtur,
1093 1229 1181 1271 vid.
1217 1230 1257 1282 ξ.
1277 1229 1349 1283 20,
1380 1231 1422 1271 2.
1452 1228 1517 1285 h).

47 1333 50 1335 ,
69 1294 166 1337 Jam
182 1312 283 1338 vcro
298 1312 430 1353 quum
442 1297 702 1339 Lesbiacum
724 1297 875 1351 χέλλιοι
893 1303 935 1337 et
946 1296 1198 1338 Boeoticum
1225 1299 1369 1352 χείλιοι
1387 1298 1521 1354 signi-

70 1364 215 1417 ficent,
249 1364 481 1407 severioris
498 1365 678 1407 Doridis
710 1365 858 1419 χηλίο
874 1381 903 1413 ι,
936 1364 1122 1406 mitioris
1143 1367 1343 1419 χειλίοι
1365 1366 1520 1415 fuisse,

69 1431 182 1473 illud
208 1431 253 1472 in
282 1432 490 1474 Laconici
521 1431 638 1473 tituli
669 1435 842 1489 antiqua
875 1431 1087 1489 scriptura
1117 1433 1296 1490 agnosci
1326 1442 1522 1491 oportere

70 1506 112 1540 et
140 1499 185 1540 in
217 1499 458 1541 tabularum
488 1500 844 1542 Heracleensium
883 1501 1125 1558 fragmento
1155 1501 1406 1544 Britannico
1435 1502 1521 1544 for-

70 1576 183 1610 tasse
214 1567 438 1610 Maittairii
476 1568 602 1626 culpa
644 1567 690 1609 in
720 1569 943 1627 vulgarem
972 1569 1153 1610 formam
1187 1575 1393 1610 mutatum
1425 1585 1520 1611 esse

70 1650 199 1692 supra
230 1637 437 1693 suspicati
469 1651 618 1677 sumus
653 1636 694 1689 ξ.
725 1636 805 1690 20,
837 1637 878 1679 6.
951 1636 1003 1677 111
1033 1635 1350 1678 recentioribus
1381 1636 1519 1679 titulis

70 1703 263 1761 vulgaris
293 1704 430 1746 forma
461 1703 605 1745 locum
635 1710 794 1746 tuetur.

268 1771 313 1822 2)
374 1771 704 1813 Ordinalia:

182 1840 384 1892 πρᾶτος
423 1839 529 1887 (vid.
563 1839 604 1892 ξ.
637 1840 716 1889 21,
752 1837 825 1894 1),
875 1839 1140 1893 δεύτερος,
1186 1841 1392 1894 τρίτος,
1438 1841 1520 1881 τέ-

70 1923 292 1961 ταρτος,
324 1907 579 1958 πέμπτος,
613 1909 761 1955 ἕκτος
792 1905 985 1962 (Heracl.
1011 1909 1180 1959 Γέκτος)
1214 1915 1255 1950 et
1283 1908 1329 1949 in
1360 1908 1518 1950 tabulis

70 1974 437 2016 Hcraclecnsibus
470 1982 511 2016 et
542 1974 587 2015 in
609 1975 707 2016 aliis
729 1975 924 2017 fontibus
946 1976 1235 2034 reperiuntur.
1280 1976 1348 2017 De
1373 1975 1517 2034 proxi-

70 2041 153 2083 mis
184 2058 207 2083 e
238 2041 495 2084 certioribus
527 2042 722 2084 fontibus
761 2058 846 2084 non
879 2051 1059 2085 constat.
1135 2043 1420 2102 Suspicamur
1459 2052 1518 2086 ta-

70 2124 169 2150 men
201 2110 422 2161 ἕβὸεμος
453 2110 611 2151 dictum
641 2126 737 2152 esse
767 2119 815 2153 ut
845 2111 1145 2164 ἑβὸεμήκοντα,
1191 2128 1272 2154 1166
1303 2112 1517 2154 credimus

70 2182 187 2218 recte
220 2175 384 2219 Siculis
419 2178 572 2226 εἴνατος
601 2178 734 2220 tribui
773 2194 851 2236 pro
891 2179 1057 2228 ἔννατος
1095 2180 1164 2221 vel
1203 2179 1366 2229 ἔνατος,
1425 2180 1514 2221 vid.

70 2243 113 2296 ξ.
144 2244 211 2285 14.
243 2267 297 2274 -
357 2243 540 2303 Saepius
573 2245 792 2295 δέκατος
820 2247 1005 2304 legitur,
1040 2248 1340 2297 δωδέκατος
1370 2246 1514 2289 Rhod.

71 2310 209 2363 2525,
241 2310 284 2352 h.

183 2377 284 2420 Non
325 2386 515 2433 constat,
563 2380 668 2437 quid
696 2381 933 2425 Dorienses
973 2397 1052 2438 pro
1089 2383 1273 2431 εἰκοστός
1312 2382 1516 2437 dixerint,

74 2445 287 2504 suspicari
327 2445 432 2487 lieet
468 2446 520 2488 de
557 2448 855 2505 antiquissima
894 2451 1030 2492 forma
1071 2452 1301 2504 Γικαστός,
1361 2450 1517 2494 deinde

74 2513 265 2564 ἱκαστός,
311 2512 512 2561 εἰκαστός.
575 2514 857 2572 Sequentium
887 2518 1132 2560 terminatio
1164 2519 1386 2576 vulgarem
1415 2535 1518 2561 ana-

72 2580 233 2639 logiam
264 2581 487 2638 sequitur,
533 2598 630 2624 nam
660 2584 983 2637 τριακοστὸς
1025 2592 1090 2627 est
1119 2585 1163 2626 in
1197 2585 1374 2642 Corcyr.
1408 2586 1517 2629 1845

74 2656 116 2690 et
144 2647 246 2690 inde
275 2650 564 2702 τριακοσταῖος
593 2648 638 2691 in
669 2650 873 2705 HeracL,
908 2652 1062 2694 deinde
1092 2652 1302 2694 Doricum
1331 2670 1516 2707 τετρω-

76 2715 266 2764 κοστός
295 2723 471 2774 apparet
499 2716 611 2773 apud
640 2717 944 2761 Archimedem
974 2720 1108 2761 Aren.
1140 2736 1183 2778 p.
1217 2721 1324 2774 325,
1365 2721 1439 2763 ubi
1468 2721 1514 2763 in

76 2782 314 2825 Oxoniensi
356 2783 518 2826 editum
559 2791 625 2827 est
661 2786 1080 2841 τετρακοστομόριον,
1142 2803 1272 2846 quum
1312 2787 1356 2830 in
1393 2787 1512 2832 Basi-
