1779 3079
284 169 386 221 508
678 171 910 222 Addenda
943 183 990 222 et
1023 174 1338 241 Corrigenda.

284 307 435 349 Bevoh
469 307 576 349 1842
612 322 657 364 p.
691 306 773 359 55,
820 307 936 365 quod
971 316 1119 366 aperte
1158 317 1201 351 et
1240 325 1316 366 pro
1347 317 1463 352 certo
1494 311 1738 358 contendis·

286 391 453 428 semus,
498 376 636 416 θεῖναι
674 390 696 415 e
740 375 973 430 &⁶2zt(e)vac‚
1022 378 1146 430 λέγειν
1185 393 1208 419 e
1250 382 1449 431 λεγειναι,
1498 379 1739 432 λεγίμ(ε)ναι

284 444 395 484 facta
426 459 549 493 esse,
604 458 784 500 eamque
815 444 1145 501 explicationem
1176 445 1327 486 salsam
1360 462 1458 488 esse
1486 447 1738 503 proclamat,

282 512 472 568 primum
513 510 630 569 quod
672 529 700 563 μ
743 519 840 553 ante
883 528 1072 570 sequens
1110 531 1130 553 v
1171 529 1194 553 a
1227 512 1405 555 Graecis
1436 530 1523 555 non
1553 514 1738 569 ejectum

284 579 366 631 sit,
402 579 558 621 deinde
589 579 704 636 quod
735 585 932 633 λεγειιιαι,
965 580 1010 622 id
1039 580 1156 638 quod
1187 580 1274 637 ipsi
1305 581 1620 635 indicavimus,
1651 597 1739 623 non

283 654 412 688 extet.
473 647 605 688 Prius
636 656 938 704 argumentum
972 657 1119 690 contra
1160 648 1301 706 ipsum
1335 648 1535 691 Curtium
1561 665 1740 691 convcr-

281 722 374 755 tere
403 714 533 768 licet,
572 716 647 773 qui
678 716 791 758 haud
822 724 1073 758 cunctanter
1102 717 1227 769 θέμεν
1260 724 1301 758 et
1331 718 1488 770 κ’..εγιῆιιεν
1518 734 1539 758 e
1570 718 1741 770 θέμεναι

282 791 325 825 et
354 784 555 838 λεγέμεναι
586 790 675 826 orta
707 801 831 833 esse,
874 785 1004 840 idque
1045 784 1270 825 verissime
1310 785 1558 840 contendit,
1604 799 1738 842 quan-

281 868 411 910 quam
455 852 713 909 diphthongi
759 853 805 893 in
849 852 935 893 line
974 851 1281 892 vocabulorum
1327 852 1519 907 abjectae
1558 854 1739 894 alterum

280 921 527 978 cinemplum
561 936 648 961 non
679 928 823 974 extat3
871 934 1012 976 neque
1055 934 1151 960 raro
1182 920 1227 960 in
1259 919 1449 976 sing-ulis
1481 920 1739 977 quibusdam

282 1005 355 1030 eac
389 1003 675 1030 consonarum
707 987 1043 1042 conjunctiones
1078 995 1244 1044 spretae
1277 995 1401 1041 sunt,
1433 988 1618 1045 quaesit]
1649 988 1739 1045 ple-

279 1058 431 1114 risque
463 1056 574 1098 nihil
606 1056 860 1098 offensionis
891 1056 1160 1108 habuerunt,
1211 1063 1258 1097 ut
1299 1057 1391 1107 ἔσμι
1421 1055 1466 1096 in
1498 1057 1577 1108 εἰμι’
1605 1063 1739 1097 muta-

280 1132 371 1166 tum
392 1132 476 1177 est,
509 1140 756 1181 quanquam
788 1124 993 1166 consonis
1027 1141 1081 1177 σμ
1110 1124 1357 1179 conjunctis
1379 1123 1491 1166 nihil
1511 1123 1737 1172 in,Graeca

279 1193 434 1250 lingua
453 1193 743 1250 frequentius.
804 1192 1005 1234 Alterum
1036 1201 1334 1247 argumentum
1361 1192 1418 1233 iis
1443 1191 1738 1240 non,multum

278 1262 422 1303 valere
451 1261 693 1314 videbitur,
740 1261 815 1319 qni
845 1260 1143 1310 meminerint,
1191 1276 1317 1319 quam
1349 1275 1476 1317 saepe
1506 1260 1550 1319 in
1580 1259 1737 1301 sorma-

279 1346 375 1370 rum
408 1329 779 1386 grammaticarum
813 1329 1077 1370 derivatione
1116 1344 1195 1385 per
1233 1344 1279 1369 ea
1309 1327 1631 1385 procedendum
1664 1326 1736 1380 sit,

279 1414 389 1454 quae
429 1406 502 1439 aut
542 1413 761 1454 nunquam
801 1397 848 1438 in
890 1413 972 1439 usu
1014 1397 1193 1437 suerunt
1222 1404 1295 1440 aut
1324 1405 1494 1442 mature·
1517 1395 1737 1438 obsoleve-

279 1473 392 1506 runt.
458 1465 661 1506 Ceterum
696 1465 789 1521 ipse
812 1464 989 1506 Curtius
1020 1464 1223 1506 infinitivi
1255 1464 1497 1522 antiquitus
1519 1463 1738 1520 duplicem

283 1533 633 1574 terminationem
667 1533 805 1575 fuisse
837 1534 1010 1587 statuit,
1051 1549 1167 1585 pterea
1198 1540 1239 1574 et
1270 1549 1370 1573 eme.
1432 1531 1502 1581 Ad
1532 1533 1644 1572 hanc
1675 1546 1738 1572 re-

278 1602 362 1643 fert
398 1602 584 1651 πελείἀι,
634 1601 1004 1657 suspectissimam
1049 1600 1162 1657 apud
1193 1599 1493 1642 Parmenidem
1534 1600 1736 1652 sormam,

281 1671 455 1723 εἰδέναι,
507 1671 718 1722 διδοῦναι,
766 1668 884 1726 quod
915 1686 937 1711 e
971 1670 1147 1710 διδοειιαι
1179 1676 1319 1710 ortum
1350 1667 1455 1709 dicit
1486 1676 1566 1718 ete.
1639 1666 1736 1720 Qua

280 1738 325 1778 in
356 1754 402 1779 re
433 1737 619 1796 primum
651 1739 733 1778 hoe
765 1745 923 1779 temere
950 1737 1098 1790 fiuxit,
1146 1753 1236 1778 eam
1270 1735 1613 1777 terminationem
1643 1749 1735 1775 ver-

278 1806 430 1847 borum
463 1806 509 1847 in
543 1824 573 1846 ω
607 1822 737 1863 purae
767 1805 903 1847 radici
933 1806 1048 1861 affigi
1078 1805 1304 1862 potuisse,
1338 1803 1494 1845 deinde
1525 1802 1734 1860 neglexit,

277 1873 564 1930 antiquiorem
594 1875 792 1931 linguam
823 1874 1000 1915 omnino
1039 1873 1212 1914 brevem
1244 1872 1433 1914 vocalem
1465 1878 1563 1912 ante
1593 1869 1734 1912 termi-

276 1942 493 1983 nationem
524 1959 589 1982 ναι
622 1942 827 1998 ignorare
859 1959 944 1983 uno
976 1942 1081 1982 ἱέναι
1111 1947 1319 1996 excepto,
1363 1939 1550 1994 denique
1582 1952 1631 1977 ea
1664 1953 1733 1978 ex-

276 2010 509 2065 cogitavit,
544 2026 598 2050 nc
628 2011 878 2051 haereamus
909 2010 954 2050 in
987 2026 1032 2050 re
1063 2009 1115 2050 ab
1147 2009 1346 2049 hocloco
1367 2006 1593 2058 alieniore,
1625 2020 1734 2062 quac

277 2094 426 2135 parum
457 2076 700 2134 probabilia
731 2077 971 2117 videantur.

387 2145 517 2200 Pag.
551 2145 606 2187 93
636 2145 666 2186 l.
700 2145 752 2186 25
783 2145 869 2200 leg.
901 2144 1100 2185 Eustath.
1137 2141 1273 2195 1535,
1305 2142 1375 2183 49.

387 2238 441 2244 —-
489 2213 520 2254 l.
555 2213 622 2254 30.
698 2212 885 2254 Men-um
924 2210 1049 2251 ctiam
1093 2209 1212 2262 ὅρκος
1253 2208 1411 2264 patitur
1449 2208 1549 2250 Ate.
1594 2210 1648 2251 74
1693 2216 1735 2251 et

276 2296 428 2323 versus
461 2280 685 2338 Sapphoni
718 2296 740 2321 e
769 2280 1017 2335 conjectura
1048 2277 1291 2333 adscriptos
1323 2277 1377 2317 sr.
1400 2278 1473 2327 44,
1499 2277 1541 2318 7.
1560 2276 1587 2318 8
1618 2292 1732 2318 nunc

277 2349 405 2391 etiam
436 2349 597 2390 certius
630 2348 897 2389 damnamus.
962 2348 1161 2388 Ceterum
1196 2345 1296 2398 ὅρος
1328 2352 1391 2385 est
1422 2345 1584 2401 Sapph.
1616 2344 1687 2385 21.

388 2418 513 2473 Paga
547 2417 602 2458 94
650 2416 680 2457 l.
712 2414 781 2456 25.
859 2415 986 2456 Adde
1029 2413 1223 2467 θίρωρος
1263 2412 1425 2469 Suppli.
1468 2413 1549 2466 49,
1596 2428 1730 2469 quum

277 2484 458 2538 αὐλαρός
489 2483 695 2526 Doricum
736 2499 831 2525 esse
872 2483 1064 2523 videatur
1107 2482 1158 2521 L.
1193 2482 1211 2521 l
1254 2482 1294 2533 ξ.
1329 2482 1408 2532 24,
1440 2481 1481 2522 ὃ.
1559 2480 1617 2521 Et
1661 2479 1730 2521 hic

277 2553 450 2610 quidem
487 2570 517 2591 ω
549 2552 656 2593 adco
687 2568 740 2593 cx
773 2569 832 2592 αω
863 2552 1019 2592 sactum
1054 2549 1238 2591 xidctur.

388 2622 511 2675 vag.
543 2620 598 2662 97
630 2620 661 2661 l.
696 2621 746 2662 17
778 2620 864 2675 leg.
899 2618 940 2672 ξ.
973 2620 1052 2671 21,
1085 2618 1126 2658 (¹).

389 2715 442 2720 —
473 2689 503 2729 l.
536 2689 591 2730 23
622 2688 707 2744 leg.
741 2688 782 2739 ξ.
817 2688 884 2729 22.

393 2757 427 2796 P
441 2773 463 2796 a
478 2773 521 2813 g.
553 2757 608 2798 98
648 2772 672 2796 n
689 2773 721 2796 r.
756 2756 797 2796 7.
860 2754 1041 2797 Aeolica
1073 2770 1170 2796 csse
1201 2755 1422 2801 videntur,
1456 2766 1563 2808 quac
1595 2749 1728 2790 Arca-
