1818 3108
1439 183 1505 229 IX

80 323 331 382 tropolitana
351 321 644 380 provocatione
664 319 832 363 excitati
849 320 1057 363 doctiores
1086 321 1131 362 in
1160 323 1239 362 hoe
1259 330 1506 377 argumento

82 418 140 458 ita
158 415 312 458 versati
341 420 479 466 erunt,
511 420 556 453 ut
584 419 727 453 nostra
757 411 894 452 studia
923 412 1064 453 inania
1083 413 1216 454 videri
1245 413 1424 470 possint.
1454 440 1508 447 „-

85 509 163 551 Sin
191 523 289 550 vero
316 508 417 547 haec
446 504 581 563 prima
605 504 744 561 operis
773 519 869 561 pars
898 503 1025 545 Tibi
1057 512 1098 545 ct
1126 506 1220 547 aliis
1249 505 1413 547 idoneis
1437 507 1507 562 ju·

85 598 250 641 dinibus
295 596 434 653 aliqua
480 594 604 636 laude
643 594 773 652 dig-na
809 594 888 635 erit
924 593 1014 635 visa
1053 610 1192 651 neque
1231 595 1303 636 alii
1338 594 1508 636 interlin

84 688 344 741 exstiterint,
377 685 450 744 qui
479 685 756 727 laudabiliora
787 684 1035 739 exhibeant,
1074 685 1336 742 propositum
1367 694 1430 728 est
1459 686 1510 728 de

85 781 280 824 omnibus
319 777 493 820 Graecis
513 771 749 827 dialectis,
791 784 955 834 praeter
980 777 1190 830 Atticam,
1239 793 1345 834 qnae
1383 778 1511 833 vulg-o

87 869 368 931 grammaticis
397 884 522 910 eurae
551 878 638 918 est,
667 869 723 909 ita
754 868 984 926 disputare,
1014 877 1062 911 ut
1090 870 1296 926 cujusque
1325 870 1511 927 proprie·

85 970 174 1016 tas,
207 961 394 1004 onmium
424 960 535 1002 inter
564 976 609 1001 se
637 959 741 1001 ratio
771 969 982 1017 appareat.
1048 960 1200 1018 Neque
1229 968 1367 1002 tamen
1396 977 1512 1018 prae-

86 1056 288 1098 mittenda
318 1052 632 1111 judicavimus,
677 1068 784 1109 quae
822 1053 1018 1094 universo
1048 1054 1166 1110 operi
1204 1054 1420 1111 prooemio
1450 1071 1513 1096 es-

87 1155 206 1195 sent,
257 1153 300 1187 et
339 1147 437 1202 quia
468 1142 640 1184 dubium
671 1142 890 1184 videbatur
929 1159 983 1184 an
1013 1143 1300 1185 desistendum
1339 1153 1449 1185 esset
1491 1162 1515 1187 a

87 1237 332 1298 proposito,
376 1244 418 1277 et
446 1234 544 1292 quia
572 1234 772 1292 pleraque
811 1251 896 1276 non
926 1245 1105 1291 possunt
1132 1252 1227 1278 eum
1263 1239 1402 1280 fructu
1433 1238 1515 1279 dis-

44 1332 51 1338 ’
88 1329 255 1388 putari,
293 1327 539 1385 priusquam
569 1325 621 1367 de
652 1325 834 1381 singulis
866 1325 1059 1368 dialectis
1089 1329 1323 1369 accuratius
1353 1330 1515 1386 quaesi-

88 1428 180 1461 tum
210 1419 278 1460 sit.
345 1418 470 1459 Nune
501 1416 653 1458 sufficit
681 1433 878 1470 monere,
917 1420 1098 1474 primum
1131 1420 1182 1461 de
1212 1420 1264 1461 iis
1294 1437 1372 1463 nos
1402 1431 1515 1464 actu»

90 1527 160 1553 ros
190 1509 375 1551 Graecae
402 1508 575 1565 linguae
605 1507 880 1562 differentiis,
911 1508 1064 1566 quibus
1092 1509 1230 1551 variae
1258 1510 1516 1555 Graecorum

92 1599 245 1656 stirpes
284 1614 384 1639 usae
421 1604 547 1650 sunt,
587 1597 738 1638 deinde
774 1598 827 1638 ad
865 1613 934 1639 cas
974 1614 1244 1652 accessuros,
1284 1617 1392 1656 quae
1427 1610 1515 1654 aut,

94 1687 208 1747 quod
237 1687 282 1729 in
309 1685 549 1730 Homericis
578 1686 834 1728 carminibus
871 1687 1027 1728 factum
1057 1704 1149 1729 esse
1178 1689 1367 1743 videtur,
1413 1690 1518 1731 anti·

95 1793 275 1835 quorum
303 1775 607 1833 rhapsodorum
637 1783 678 1816 ct
716 1775 982 1818 librariormn
1012 1779 1135 1836 eulpa
1170 1787 1241 1821 aut
1267 1781 1518 1838 scriptorum

94 1867 265 1910 arbitrio
293 1866 464 1910 mixtam
494 1864 703 1922 quandam
734 1866 917 1923 speeiem
945 1869 1175 1925 praebent,
1207 1871 1290 1912 nisi
1318 1872 1426 1914 forte
1454 1872 1519 1913 in-

95 1969 159 2003 ter
196 1961 335 2016 ipsum
365 1972 471 2015 opus
501 1958 691 2000 ordinem
729 1959 993 2016 propositum
1031 1970 1190 2019 mutare
1221 1964 1351 2006 satius
1382 1965 1519 2006 visum

96 2049 188 2093 erit,
249 2049 318 2091 Ab
348 2047 538 2090 Aeolicis
568 2048 759 2091 dialectis
788 2051 956 2094 initium
986 2053 1225 2096 faciendum
1256 2056 1452 2097 duximus
1483 2064 1525 2097 et

98 2141 196 2199 quia
224 2141 397 2182 fuerunt
426 2155 585 2196 nuper,
617 2139 717 2196 qui,
750 2140 825 2183 Te
852 2143 1117 2199 potissimum
1147 2154 1334 2200 auctore,
1363 2147 1522 2189 Aeoles

97 2227 275 2287 reliquis
313 2229 487 2271 Graecis
528 2229 846 2287 antiquissimae
897 2232 1070 2290 linguae
1111 2237 1344 2279 tenaciores
1393 2239 1524 2279 fuisse

101 2321 417 2373 contenderent,
449 2326 489 2364 et
518 2319 617 2376 quia
650 2320 694 2361 in
723 2321 801 2362 hae
831 2323 970 2379 operis
998 2333 1115 2381 parte
1145 2327 1283 2368 minus
1309 2330 1524 2370 doctorum

103 2411 252 2454 studiis
291 2410 486 2452 destituta
522 2410 703 2469 optime,
750 2412 853 2469 quid
888 2413 971 2471 ipsi
1001 2415 1262 2472 vaieremus,
1303 2418 1525 2474 diiudicari

103 2516 228 2560 posse
257 2500 545 2558 opinabamur.

213 2592 281 2633 De
309 2591 375 2633 via
404 2599 528 2648 atque
562 2592 748 2643 ratione,
797 2609 921 2649 quam
952 2597 1083 2638 secuti
1115 2614 1290 2653 sumus,
1337 2614 1453 2641 nune
1483 2598 1528 2639 in

107 2692 219 2728 tanta
262 2681 474 2725 scribendi
510 2681 751 2725 difficultate
793 2686 975 2742 praefari
1016 2689 1229 2730 nolumus.
1317 2691 1407 2733 Atii
1448 2689 1528 2731 alia
