<?xml version="1.0" encoding="UTF-8"?>
<!DOCTYPE html PUBLIC "-//W3C//DTD XHTML 1.0 Transitional//EN"
    "http://www.w3.org/TR/xhtml1/DTD/xhtml1-transitional.dtd">
<html xmlns="http://www.w3.org/1999/xhtml" xml:lang="en" lang="en">
 <head>
  <title>
</title>
<meta http-equiv="Content-Type" content="text/html;charset=utf-8" />
  <meta name='ocr-system' content='tesseract 3.04.00' />
  <meta name='ocr-capabilities' content='ocr_page ocr_carea ocr_par ocr_line ocrx_word'/>
</head>
<body>
  <div class='ocr_page' id='page_1' title='image "./degraecaelinguae01ahreuoft_0467.png"; bbox 0 0 1779 3079; ppageno 0'>
   <div class='ocr_carea' id='block_1_1' title="bbox 523 195 1524 259">
    <p class='ocr_par' dir='ltr' id='par_1_1' title="bbox 523 195 1524 259">
     <span class='ocr_line' id='line_1_1' title="bbox 523 195 1524 259; baseline -0.002 -14"><span class='ocrx_word' id='word_1_1' title='bbox 523 199 564 258; x_wconf 53' lang='grc' dir='ltr'><strong>ᾗ.</strong></span> <span class='ocrx_word' id='word_1_2' title='bbox 604 198 677 247; x_wconf 87' lang='grc'><strong>19.</strong></span> <span class='ocrx_word' id='word_1_3' title='bbox 748 199 822 244; x_wconf 86' lang='lat' dir='ltr'><strong>De</strong></span> <span class='ocrx_word' id='word_1_4' title='bbox 860 218 888 242; x_wconf 80' lang='grc' dir='ltr'>α</span> <span class='ocrx_word' id='word_1_5' title='bbox 924 213 1010 259; x_wconf 76' lang='lat' dir='ltr'><strong>pro</strong></span> <span class='ocrx_word' id='word_1_6' title='bbox 1045 218 1080 253; x_wconf 84' lang='grc' dir='ltr'><strong>η.</strong></span> <span class='ocrx_word' id='word_1_7' title='bbox 1430 195 1524 245; x_wconf 80' lang='grc'><strong>143</strong></span> 
     </span>
    </p>
   </div>
   <div class='ocr_carea' id='block_1_2' title="bbox 71 329 1525 1068">
    <p class='ocr_par' dir='ltr' id='par_1_2' title="bbox 71 329 1525 454">
     <span class='ocr_line' id='line_1_2' title="bbox 181 329 1525 391; baseline -0.001 -17"><span class='ocrx_word' id='word_1_8' title='bbox 181 333 351 386; x_wconf 83' lang='grc' dir='ltr'><strong><em>μάταν</em></strong></span> <span class='ocrx_word' id='word_1_9' title='bbox 383 349 462 391; x_wconf 86' lang='lat' dir='ltr'><strong>pro</strong></span> <span class='ocrx_word' id='word_1_10' title='bbox 495 332 624 387; x_wconf 80' lang='grc' dir='ltr'><em>μάτην</em></span> <span class='ocrx_word' id='word_1_11' title='bbox 653 329 782 373; x_wconf 85' lang='lat' dir='ltr'><strong>Pind.</strong></span> <span class='ocrx_word' id='word_1_12' title='bbox 813 329 999 386; x_wconf 55' lang='lat' dir='ltr'><strong>Tnagg„</strong></span> <span class='ocrx_word' id='word_1_13' title='bbox 1044 331 1118 388; x_wconf 91' lang='lat' dir='ltr'><strong>qui</strong></span> <span class='ocrx_word' id='word_1_14' title='bbox 1148 331 1315 374; x_wconf 84' lang='lat' dir='ltr'><strong>videtur</strong></span> <span class='ocrx_word' id='word_1_15' title='bbox 1343 331 1525 374; x_wconf 86' lang='lat' dir='ltr'><strong>obsoleti</strong></span> 
     </span>
     <span class='ocr_line' id='line_1_3' title="bbox 71 397 941 454; baseline -0.006 -11"><span class='ocrx_word' id='word_1_16' title='bbox 71 401 327 444; x_wconf 78' lang='lat' dir='ltr'>substantivi</span> <span class='ocrx_word' id='word_1_17' title='bbox 360 401 464 454; x_wconf 84' lang='grc' dir='ltr'><em>μάτη</em></span> <span class='ocrx_word' id='word_1_18' title='bbox 497 399 760 442; x_wconf 78' lang='lat' dir='ltr'><strong>aecusativus</strong></span> <span class='ocrx_word' id='word_1_19' title='bbox 790 397 941 439; x_wconf 83' lang='lat' dir='ltr'><strong>fuisse.</strong></span> 
     </span>
    </p>

    <p class='ocr_par' dir='ltr' id='par_1_3' title="bbox 184 465 1121 527">
     <span class='ocr_line' id='line_1_4' title="bbox 184 465 1121 527; baseline -0.004 -17"><span class='ocrx_word' id='word_1_20' title='bbox 184 469 353 523; x_wconf 79' lang='grc' dir='ltr'><em>μάτηρ</em></span> <span class='ocrx_word' id='word_1_21' title='bbox 383 484 462 527; x_wconf 91' lang='lat' dir='ltr'><strong>pro</strong></span> <span class='ocrx_word' id='word_1_22' title='bbox 492 468 623 522; x_wconf 76' lang='grc' dir='ltr'><em>μήτηρ</em></span> <span class='ocrx_word' id='word_1_23' title='bbox 655 465 815 523; x_wconf 87' lang='lat' dir='ltr'><strong>ubique</strong></span> <span class='ocrx_word' id='word_1_24' title='bbox 847 466 902 507; x_wconf 86' lang='lat' dir='ltr'><strong>cf.</strong></span> <span class='ocrx_word' id='word_1_25' title='bbox 937 472 1121 506; x_wconf 83' lang='lat' dir='ltr'><strong>mater.</strong></span> 
     </span>
    </p>

    <p class='ocr_par' dir='ltr' id='par_1_4' title="bbox 72 532 1520 727">
     <span class='ocr_line' id='line_1_5' title="bbox 183 532 1518 593; baseline 0 -15"><span class='ocrx_word' id='word_1_26' title='bbox 183 537 394 592; x_wconf 76' lang='grc' dir='ltr'><strong><em>μαχάνα</em></strong></span> <span class='ocrx_word' id='word_1_27' title='bbox 425 550 501 593; x_wconf 86' lang='lat' dir='ltr'><strong>pro</strong></span> <span class='ocrx_word' id='word_1_28' title='bbox 541 532 700 589; x_wconf 79' lang='grc' dir='ltr'><em>μηχάνη</em></span> <span class='ocrx_word' id='word_1_29' title='bbox 731 534 922 574; x_wconf 86' lang='lat' dir='ltr'><strong>Acharn.</strong></span> <span class='ocrx_word' id='word_1_30' title='bbox 958 533 1065 587; x_wconf 87' lang='lat'><strong>704,</strong></span> <span class='ocrx_word' id='word_1_31' title='bbox 1111 533 1241 574; x_wconf 83' lang='lat' dir='ltr'><strong>Pind.</strong></span> <span class='ocrx_word' id='word_1_32' title='bbox 1276 534 1410 593; x_wconf 90' lang='lat' dir='ltr'><strong>Soph.</strong></span> <span class='ocrx_word' id='word_1_33' title='bbox 1446 537 1518 590; x_wconf 83' lang='lat' dir='ltr'><strong>Aj.</strong></span> 
     </span>
     <span class='ocr_line' id='line_1_6' title="bbox 73 600 1520 659; baseline -0.002 -12"><span class='ocrx_word' id='word_1_34' title='bbox 73 603 151 647; x_wconf 87' lang='grc'><strong>181</strong></span> <span class='ocrx_word' id='word_1_35' title='bbox 171 635 184 658; x_wconf 91' lang='grc'>,</span> <span class='ocrx_word' id='word_1_36' title='bbox 233 604 435 659; x_wconf 76' lang='grc' dir='ltr'><em>ἆμαχανία</em></span> <span class='ocrx_word' id='word_1_37' title='bbox 464 601 618 659; x_wconf 89' lang='lat' dir='ltr'><strong>Eurip.</strong></span> <span class='ocrx_word' id='word_1_38' title='bbox 650 600 768 642; x_wconf 80' lang='lat' dir='ltr'><strong>Med.</strong></span> <span class='ocrx_word' id='word_1_39' title='bbox 801 601 912 654; x_wconf 80' lang='lat'><strong>645,</strong></span> <span class='ocrx_word' id='word_1_40' title='bbox 963 600 1050 643; x_wconf 87' lang='lat' dir='ltr'><strong>vid.</strong></span> <span class='ocrx_word' id='word_1_41' title='bbox 1082 600 1283 658; x_wconf 74' lang='lat' dir='ltr'><strong>Theogn.</strong></span> <span class='ocrx_word' id='word_1_42' title='bbox 1317 603 1430 645; x_wconf 83' lang='lat' dir='ltr'><strong>Oxx.</strong></span> <span class='ocrx_word' id='word_1_43' title='bbox 1464 605 1520 657; x_wconf 81' lang='lat' dir='ltr'><strong>ll,</strong></span> 
     </span>
     <span class='ocr_line' id='line_1_7' title="bbox 72 668 1047 727; baseline -0.006 -12"><span class='ocrx_word' id='word_1_44' title='bbox 72 672 144 727; x_wconf 83' lang='lat'><strong>87,</strong></span> <span class='ocrx_word' id='word_1_45' title='bbox 176 672 245 726; x_wconf 88' lang='lat'><strong>17,</strong></span> <span class='ocrx_word' id='word_1_46' title='bbox 277 671 345 713; x_wconf 89' lang='lat' dir='ltr'><strong>Et.</strong></span> <span class='ocrx_word' id='word_1_47' title='bbox 380 670 435 712; x_wconf 89' lang='lat' dir='ltr'><strong>G.</strong></span> <span class='ocrx_word' id='word_1_48' title='bbox 467 670 577 724; x_wconf 86' lang='lat'><strong>499,</strong></span> <span class='ocrx_word' id='word_1_49' title='bbox 607 669 663 713; x_wconf 78' lang='grc'><strong>28</strong></span> <span class='ocrx_word' id='word_1_50' title='bbox 693 669 749 711; x_wconf 84' lang='lat' dir='ltr'><strong>cf.</strong></span> <span class='ocrx_word' id='word_1_51' title='bbox 782 668 1047 710; x_wconf 85' lang='lat' dir='ltr'><strong>machina.</strong></span> 
     </span>
    </p>

    <p class='ocr_par' dir='ltr' id='par_1_5' title="bbox 75 736 1521 860">
     <span class='ocr_line' id='line_1_8' title="bbox 184 736 1521 795; baseline -0.001 -15"><span class='ocrx_word' id='word_1_52' title='bbox 184 740 458 789; x_wconf 80' lang='grc' dir='ltr'><strong>Μὶλατος,</strong></span> <span class='ocrx_word' id='word_1_53' title='bbox 509 738 624 779; x_wconf 87' lang='lat' dir='ltr'><strong>unde</strong></span> <span class='ocrx_word' id='word_1_54' title='bbox 660 738 889 785; x_wconf 78' lang='grc' dir='ltr'><strong>Μιλασιόις</strong></span> <span class='ocrx_word' id='word_1_55' title='bbox 930 736 976 778; x_wconf 92' lang='lat' dir='ltr'><strong>in</strong></span> <span class='ocrx_word' id='word_1_56' title='bbox 1021 736 1203 795; x_wconf 84' lang='lat' dir='ltr'><strong>epistola</strong></span> <span class='ocrx_word' id='word_1_57' title='bbox 1250 736 1521 790; x_wconf 84' lang='lat' dir='ltr'><strong>Aetolorum,</strong></span> 
     </span>
     <span class='ocr_line' id='line_1_9' title="bbox 75 806 624 860; baseline -0.005 -10"><span class='ocrx_word' id='word_1_58' title='bbox 75 806 160 850; x_wconf 85' lang='lat' dir='ltr'><strong>vid.</strong></span> <span class='ocrx_word' id='word_1_59' title='bbox 193 806 247 849; x_wconf 93' lang='lat' dir='ltr'><strong>L.</strong></span> <span class='ocrx_word' id='word_1_60' title='bbox 270 806 290 847; x_wconf 91' lang='grc' dir='ltr'>Ι</span> <span class='ocrx_word' id='word_1_61' title='bbox 320 806 360 860; x_wconf 65' lang='grc' dir='ltr'><strong>ξ.</strong></span> <span class='ocrx_word' id='word_1_62' title='bbox 387 806 440 848; x_wconf 88' lang='grc'><strong>54</strong></span> <span class='ocrx_word' id='word_1_63' title='bbox 469 813 558 848; x_wconf 89' lang='lat' dir='ltr'><strong>not.</strong></span> <span class='ocrx_word' id='word_1_64' title='bbox 580 807 624 849; x_wconf 79' lang='lat'><strong>2.</strong></span> 
     </span>
    </p>

    <p class='ocr_par' dir='ltr' id='par_1_6' title="bbox 184 872 926 930">
     <span class='ocr_line' id='line_1_10' title="bbox 184 872 926 930; baseline -0.001 -15"><span class='ocrx_word' id='word_1_65' title='bbox 184 876 365 929; x_wconf 82' lang='grc' dir='ltr'>νᾶσος,</span> <span class='ocrx_word' id='word_1_66' title='bbox 399 873 720 922; x_wconf 76' lang='grc' dir='ltr'><strong>Πελοπόννασος</strong></span> <span class='ocrx_word' id='word_1_67' title='bbox 748 872 926 930; x_wconf 89' lang='lat' dir='ltr'><strong>ubique.</strong></span> 
     </span>
    </p>

    <p class='ocr_par' dir='ltr' id='par_1_7' title="bbox 182 941 898 1000">
     <span class='ocr_line' id='line_1_11' title="bbox 182 941 898 1000; baseline -0.001 -17"><span class='ocrx_word' id='word_1_68' title='bbox 182 941 327 996; x_wconf 71' lang='lat' dir='ltr'><strong>vo&#39;ccpw</strong></span> <span class='ocrx_word' id='word_1_69' title='bbox 357 958 437 1000; x_wconf 89' lang='lat' dir='ltr'><strong>pro</strong></span> <span class='ocrx_word' id='word_1_70' title='bbox 465 942 584 996; x_wconf 76' lang='grc' dir='ltr'><em>νήφω</em></span> <span class='ocrx_word' id='word_1_71' title='bbox 614 941 769 1000; x_wconf 85' lang='lat' dir='ltr'><strong>Epich.</strong></span> <span class='ocrx_word' id='word_1_72' title='bbox 802 941 898 984; x_wconf 88' lang='grc'><strong>119.</strong></span> 
     </span>
    </p>

    <p class='ocr_par' dir='ltr' id='par_1_8' title="bbox 186 1006 1520 1068">
     <span class='ocr_line' id='line_1_12' title="bbox 186 1006 1520 1068; baseline 0 -18"><span class='ocrx_word' id='word_1_73' title='bbox 186 1009 325 1065; x_wconf 80' lang='grc' dir='ltr'><em>παγά</em></span> <span class='ocrx_word' id='word_1_74' title='bbox 355 1025 433 1068; x_wconf 86' lang='lat' dir='ltr'><strong>pro</strong></span> <span class='ocrx_word' id='word_1_75' title='bbox 464 1010 571 1064; x_wconf 75' lang='grc' dir='ltr'><em>πηγή</em></span> <span class='ocrx_word' id='word_1_76' title='bbox 605 1010 675 1052; x_wconf 88' lang='lat' dir='ltr'><strong>Et.</strong></span> <span class='ocrx_word' id='word_1_77' title='bbox 698 1008 753 1051; x_wconf 86' lang='lat' dir='ltr'><strong>G.</strong></span> <span class='ocrx_word' id='word_1_78' title='bbox 781 1009 891 1063; x_wconf 85' lang='grc'><strong>465,</strong></span> <span class='ocrx_word' id='word_1_79' title='bbox 925 1008 1006 1062; x_wconf 87' lang='grc'><strong>10,</strong></span> <span class='ocrx_word' id='word_1_80' title='bbox 1036 1006 1216 1050; x_wconf 84' lang='lat' dir='ltr'><strong>Meerm.</strong></span> <span class='ocrx_word' id='word_1_81' title='bbox 1248 1008 1355 1064; x_wconf 83' lang='grc'><strong>656,</strong></span> <span class='ocrx_word' id='word_1_82' title='bbox 1387 1009 1520 1065; x_wconf 78' lang='lat' dir='ltr'><strong>Greg.</strong></span> 
     </span>
    </p>
   </div>
   <div class='ocr_carea' id='block_1_3' title="bbox 0 1077 629 1148">
    <p class='ocr_par' dir='ltr' id='par_1_9' title="bbox 0 1077 629 1148">
     <span class='ocr_line' id='line_1_13' title="bbox 0 1077 629 1148; baseline -0.002 -28"><span class='ocrx_word' id='word_1_83' title='bbox 0 1126 1 1148; x_wconf 26' lang='grc' dir='ltr'>ἶ</span> <span class='ocrx_word' id='word_1_84' title='bbox 77 1077 128 1120; x_wconf 91' lang='lat' dir='ltr'><strong>C.</strong></span> <span class='ocrx_word' id='word_1_85' title='bbox 162 1078 272 1132; x_wconf 77' lang='grc'>270,</span> <span class='ocrx_word' id='word_1_86' title='bbox 303 1077 433 1119; x_wconf 87' lang='lat' dir='ltr'><strong>Pind.</strong></span> <span class='ocrx_word' id='word_1_87' title='bbox 465 1077 629 1135; x_wconf 77' lang='lat' dir='ltr'><strong>Tragg.</strong></span> 
     </span>
    </p>
   </div>
   <div class='ocr_carea' id='block_1_4' title="bbox 79 1143 1536 2833">
    <p class='ocr_par' dir='ltr' id='par_1_10' title="bbox 190 1143 1520 1204">
     <span class='ocr_line' id='line_1_14' title="bbox 190 1143 1520 1204; baseline -0.001 -17"><span class='ocrx_word' id='word_1_88' title='bbox 190 1146 446 1200; x_wconf 81' lang='grc' dir='ltr'><strong>Πάγασος</strong></span> <span class='ocrx_word' id='word_1_89' title='bbox 476 1161 554 1204; x_wconf 87' lang='lat' dir='ltr'><strong>pro</strong></span> <span class='ocrx_word' id='word_1_90' title='bbox 579 1143 782 1199; x_wconf 78' lang='grc' dir='ltr'><strong>Πήγασος</strong></span> <span class='ocrx_word' id='word_1_91' title='bbox 796 1143 926 1186; x_wconf 87' lang='lat' dir='ltr'><strong>Pind.</strong></span> <span class='ocrx_word' id='word_1_92' title='bbox 947 1143 983 1185; x_wconf 95' lang='lat' dir='ltr'><strong>I.</strong></span> <span class='ocrx_word' id='word_1_93' title='bbox 1001 1143 1082 1198; x_wconf 90' lang='lat' dir='ltr'><strong>VI,</strong></span> <span class='ocrx_word' id='word_1_94' title='bbox 1100 1144 1172 1198; x_wconf 89' lang='lat'><strong>44,</strong></span> <span class='ocrx_word' id='word_1_95' title='bbox 1206 1144 1278 1186; x_wconf 84' lang='lat' dir='ltr'><strong>Ol.</strong></span> <span class='ocrx_word' id='word_1_96' title='bbox 1303 1144 1433 1199; x_wconf 89' lang='lat' dir='ltr'><strong>XIII,</strong></span> <span class='ocrx_word' id='word_1_97' title='bbox 1451 1145 1520 1189; x_wconf 74' lang='lat'><strong>62.</strong></span> 
     </span>
    </p>

    <p class='ocr_par' dir='ltr' id='par_1_11' title="bbox 186 1211 1346 1271">
     <span class='ocr_line' id='line_1_15' title="bbox 186 1211 1346 1271; baseline -0.001 -17"><span class='ocrx_word' id='word_1_98' title='bbox 186 1213 368 1254; x_wconf 80' lang='grc' dir='ltr'><em>παὸάω</em></span> <span class='ocrx_word' id='word_1_99' title='bbox 401 1213 558 1271; x_wconf 82' lang='lat' dir='ltr'><strong>Sophr.</strong></span> <span class='ocrx_word' id='word_1_100' title='bbox 588 1213 659 1256; x_wconf 88' lang='grc'><strong>46.</strong></span> <span class='ocrx_word' id='word_1_101' title='bbox 721 1212 906 1270; x_wconf 75' lang='lat' dir='ltr'><strong>Lysistr.</strong></span> <span class='ocrx_word' id='word_1_102' title='bbox 941 1212 1046 1254; x_wconf 76' lang='grc'><strong>’1321</strong></span> <span class='ocrx_word' id='word_1_103' title='bbox 1077 1227 1157 1271; x_wconf 89' lang='lat' dir='ltr'><strong>pro</strong></span> <span class='ocrx_word' id='word_1_104' title='bbox 1186 1211 1346 1263; x_wconf 81' lang='grc' dir='ltr'><strong>πηδάω.</strong></span> 
     </span>
    </p>

    <p class='ocr_par' dir='ltr' id='par_1_12' title="bbox 192 1279 924 1332">
     <span class='ocr_line' id='line_1_16' title="bbox 192 1279 924 1332; baseline -0.003 -9"><span class='ocrx_word' id='word_1_105' title='bbox 192 1284 422 1332; x_wconf 79' lang='grc' dir='ltr'><strong>Πάλιον,</strong></span> <span class='ocrx_word' id='word_1_106' title='bbox 456 1281 611 1324; x_wconf 84' lang='lat' dir='ltr'><strong>Pelion</strong></span> <span class='ocrx_word' id='word_1_107' title='bbox 642 1296 765 1323; x_wconf 85' lang='lat' dir='ltr'><strong>mons</strong></span> <span class='ocrx_word' id='word_1_108' title='bbox 794 1279 924 1321; x_wconf 84' lang='lat' dir='ltr'><strong>Pind.</strong></span> 
     </span>
    </p>

    <p class='ocr_par' dir='ltr' id='par_1_13' title="bbox 187 1348 905 1408">
     <span class='ocr_line' id='line_1_17' title="bbox 187 1348 905 1408; baseline -0.001 -18"><span class='ocrx_word' id='word_1_109' title='bbox 187 1348 350 1398; x_wconf 84' lang='grc' dir='ltr'>παλός</span> <span class='ocrx_word' id='word_1_110' title='bbox 378 1366 458 1408; x_wconf 88' lang='lat' dir='ltr'><strong>pro</strong></span> <span class='ocrx_word' id='word_1_111' title='bbox 485 1349 616 1401; x_wconf 84' lang='grc' dir='ltr'><em>πηλός</em></span> <span class='ocrx_word' id='word_1_112' title='bbox 645 1348 802 1407; x_wconf 89' lang='lat' dir='ltr'><strong>Sophr.</strong></span> <span class='ocrx_word' id='word_1_113' title='bbox 835 1349 905 1390; x_wconf 88' lang='lat'><strong>44.</strong></span> 
     </span>
    </p>

    <p class='ocr_par' dir='ltr' id='par_1_14' title="bbox 190 1416 1062 1476">
     <span class='ocr_line' id='line_1_18' title="bbox 190 1416 1062 1476; baseline 0 -19"><span class='ocrx_word' id='word_1_114' title='bbox 190 1417 426 1472; x_wconf 81' lang='grc' dir='ltr'><em>πανέλοψ</em></span> <span class='ocrx_word' id='word_1_115' title='bbox 456 1433 533 1476; x_wconf 88' lang='lat' dir='ltr'><strong>pro</strong></span> <span class='ocrx_word' id='word_1_116' title='bbox 564 1419 745 1472; x_wconf 73' lang='grc' dir='ltr'><em>πηνέλοψ</em></span> <span class='ocrx_word' id='word_1_117' title='bbox 775 1417 896 1473; x_wconf 71' lang='lat' dir='ltr'><strong>lbyc-</strong></span> <span class='ocrx_word' id='word_1_118' title='bbox 933 1416 987 1457; x_wconf 86' lang='lat' dir='ltr'><strong>fr.</strong></span> <span class='ocrx_word' id='word_1_119' title='bbox 1021 1416 1062 1459; x_wconf 91' lang='lat'><strong>7.</strong></span> 
     </span>
    </p>

    <p class='ocr_par' dir='ltr' id='par_1_15' title="bbox 79 1483 1532 1866">
     <span class='ocr_line' id='line_1_19' title="bbox 189 1483 1531 1543; baseline 0 -18"><span class='ocrx_word' id='word_1_120' title='bbox 189 1484 320 1533; x_wconf 86' lang='grc' dir='ltr'>παός</span> <span class='ocrx_word' id='word_1_121' title='bbox 364 1502 444 1543; x_wconf 88' lang='lat' dir='ltr'><strong>pro</strong></span> <span class='ocrx_word' id='word_1_122' title='bbox 485 1485 618 1541; x_wconf 87' lang='grc' dir='ltr'>πηός,</span> <span class='ocrx_word' id='word_1_123' title='bbox 670 1485 785 1527; x_wconf 85' lang='lat' dir='ltr'><strong>unde</strong></span> <span class='ocrx_word' id='word_1_124' title='bbox 822 1486 1008 1539; x_wconf 74' lang='grc' dir='ltr'>πααῖται,</span> <span class='ocrx_word' id='word_1_125' title='bbox 1056 1484 1276 1538; x_wconf 77' lang='grc' dir='ltr'><em>συγγενεῖς·</em></span> <span class='ocrx_word' id='word_1_126' title='bbox 1331 1483 1531 1532; x_wconf 75' lang='grc' dir='ltr'><em>Λάκωνες</em></span> 
     </span>
     <span class='ocr_line' id='line_1_20' title="bbox 81 1552 1531 1611; baseline 0 -18"><span class='ocrx_word' id='word_1_127' title='bbox 81 1552 271 1609; x_wconf 75' lang='lat' dir='ltr'><strong>Hesych.</strong></span> <span class='ocrx_word' id='word_1_128' title='bbox 333 1553 397 1594; x_wconf 93' lang='lat' dir='ltr'><strong>Eo</strong></span> <span class='ocrx_word' id='word_1_129' title='bbox 438 1554 623 1611; x_wconf 85' lang='lat' dir='ltr'><strong>pertinet</strong></span> <span class='ocrx_word' id='word_1_130' title='bbox 659 1553 786 1595; x_wconf 88' lang='lat' dir='ltr'><strong>etiam</strong></span> <span class='ocrx_word' id='word_1_131' title='bbox 821 1552 1095 1609; x_wconf 76' lang='lat' dir='ltr'><strong>Theognidei</strong></span> <span class='ocrx_word' id='word_1_132' title='bbox 1126 1552 1263 1609; x_wconf 73' lang='lat' dir='ltr'><strong>Cyrni</strong></span> <span class='ocrx_word' id='word_1_133' title='bbox 1300 1552 1531 1611; x_wconf 82' lang='lat' dir='ltr'><strong>appellatio</strong></span> 
     </span>
     <span class='ocr_line' id='line_1_21' title="bbox 79 1620 1530 1678; baseline 0.001 -17"><span class='ocrx_word' id='word_1_134' title='bbox 79 1620 372 1678; x_wconf 77' lang='lat' dir='ltr'><strong>patronymica</strong></span> <span class='ocrx_word' id='word_1_135' title='bbox 399 1623 688 1675; x_wconf 76' lang='grc' dir='ltr'><strong>Πολυπαΐδης,</strong></span> <span class='ocrx_word' id='word_1_136' title='bbox 721 1636 848 1678; x_wconf 86' lang='lat' dir='ltr'><strong>quam</strong></span> <span class='ocrx_word' id='word_1_137' title='bbox 878 1636 901 1661; x_wconf 82' lang='lat' dir='ltr'>a</span> <span class='ocrx_word' id='word_1_138' title='bbox 929 1620 1061 1678; x_wconf 79' lang='lat' dir='ltr'><strong>patris</strong></span> <span class='ocrx_word' id='word_1_139' title='bbox 1087 1620 1261 1662; x_wconf 87' lang='lat' dir='ltr'><strong>nomine</strong></span> <span class='ocrx_word' id='word_1_140' title='bbox 1289 1620 1530 1670; x_wconf 80' lang='grc' dir='ltr'><em>Πολύπαος,</em></span> 
     </span>
     <span class='ocr_line' id='line_1_22' title="bbox 81 1687 1532 1745; baseline 0 -16"><span class='ocrx_word' id='word_1_141' title='bbox 81 1688 198 1745; x_wconf 90' lang='lat' dir='ltr'><strong>quod</strong></span> <span class='ocrx_word' id='word_1_142' title='bbox 226 1688 335 1730; x_wconf 90' lang='lat' dir='ltr'><strong>bene</strong></span> <span class='ocrx_word' id='word_1_143' title='bbox 363 1689 564 1731; x_wconf 86' lang='lat' dir='ltr'><strong>convenit</strong></span> <span class='ocrx_word' id='word_1_144' title='bbox 592 1687 757 1730; x_wconf 90' lang='lat' dir='ltr'><strong>homini</strong></span> <span class='ocrx_word' id='word_1_145' title='bbox 786 1687 950 1742; x_wconf 85' lang='lat' dir='ltr'><strong>nobili,</strong></span> <span class='ocrx_word' id='word_1_146' title='bbox 984 1688 1244 1730; x_wconf 86' lang='lat' dir='ltr'><strong>descendere</strong></span> <span class='ocrx_word' id='word_1_147' title='bbox 1274 1688 1378 1730; x_wconf 87' lang='lat' dir='ltr'><strong>olim</strong></span> <span class='ocrx_word' id='word_1_148' title='bbox 1408 1689 1532 1729; x_wconf 86' lang='lat' dir='ltr'><strong>intel-</strong></span> 
     </span>
     <span class='ocr_line' id='line_1_23' title="bbox 82 1755 1532 1814; baseline -0.001 -16"><span class='ocrx_word' id='word_1_149' title='bbox 82 1755 281 1798; x_wconf 85' lang='lat' dir='ltr'><strong>leximus.</strong></span> <span class='ocrx_word' id='word_1_150' title='bbox 331 1755 533 1798; x_wconf 88' lang='lat' dir='ltr'><strong>Ceterum</strong></span> <span class='ocrx_word' id='word_1_151' title='bbox 562 1755 667 1806; x_wconf 85' lang='grc' dir='ltr'>παός</span> <span class='ocrx_word' id='word_1_152' title='bbox 698 1755 824 1799; x_wconf 83' lang='lat' dir='ltr'><strong>etiam</strong></span> <span class='ocrx_word' id='word_1_153' title='bbox 852 1756 898 1797; x_wconf 90' lang='lat' dir='ltr'><strong>in</strong></span> <span class='ocrx_word' id='word_1_154' title='bbox 927 1756 1147 1813; x_wconf 79' lang='lat' dir='ltr'><strong>vulgarem</strong></span> <span class='ocrx_word' id='word_1_155' title='bbox 1176 1756 1369 1814; x_wconf 77' lang='lat' dir='ltr'><strong>linguam</strong></span> <span class='ocrx_word' id='word_1_156' title='bbox 1397 1764 1532 1797; x_wconf 86' lang='lat' dir='ltr'><strong>trans-</strong></span> 
     </span>
     <span class='ocr_line' id='line_1_24' title="bbox 82 1823 281 1866; baseline 0 -1"><span class='ocrx_word' id='word_1_157' title='bbox 82 1823 281 1866; x_wconf 85' lang='lat' dir='ltr'><strong>manavit.</strong></span> 
     </span>
    </p>

    <p class='ocr_par' dir='ltr' id='par_1_16' title="bbox 195 1891 1317 1950">
     <span class='ocr_line' id='line_1_25' title="bbox 195 1891 1317 1950; baseline 0.002 -18"><span class='ocrx_word' id='word_1_158' title='bbox 195 1894 361 1946; x_wconf 86' lang='grc' dir='ltr'>πᾶχυς</span> <span class='ocrx_word' id='word_1_159' title='bbox 393 1907 471 1950; x_wconf 89' lang='lat' dir='ltr'><strong>pro</strong></span> <span class='ocrx_word' id='word_1_160' title='bbox 501 1894 657 1947; x_wconf 71' lang='grc' dir='ltr'>πῆχυς,</span> <span class='ocrx_word' id='word_1_161' title='bbox 690 1892 804 1934; x_wconf 89' lang='lat' dir='ltr'><strong>unde</strong></span> <span class='ocrx_word' id='word_1_162' title='bbox 833 1893 1033 1946; x_wconf 85' lang='grc' dir='ltr'><strong>παχυαῖος</strong></span> <span class='ocrx_word' id='word_1_163' title='bbox 1060 1891 1215 1950; x_wconf 84' lang='lat' dir='ltr'><strong>Epich.</strong></span> <span class='ocrx_word' id='word_1_164' title='bbox 1248 1893 1317 1935; x_wconf 81' lang='lat'><strong>94.</strong></span> 
     </span>
    </p>

    <p class='ocr_par' dir='ltr' id='par_1_17' title="bbox 83 1959 1535 2290">
     <span class='ocr_line' id='line_1_26' title="bbox 196 1959 1534 2019; baseline 0.002 -19"><span class='ocrx_word' id='word_1_165' title='bbox 196 1959 404 2014; x_wconf 78' lang='grc' dir='ltr'><em>παραιά</em></span> <span class='ocrx_word' id='word_1_166' title='bbox 433 1960 502 2002; x_wconf 80' lang='lat' dir='ltr'><strong>vel</strong></span> <span class='ocrx_word' id='word_1_167' title='bbox 530 1960 674 2018; x_wconf 88' lang='lat' dir='ltr'><strong>potius</strong></span> <span class='ocrx_word' id='word_1_168' title='bbox 704 1959 848 2015; x_wconf 77' lang='grc' dir='ltr'><em>παρᾳά</em></span> <span class='ocrx_word' id='word_1_169' title='bbox 877 1959 1038 2002; x_wconf 89' lang='lat' dir='ltr'><strong>Dorice</strong></span> <span class='ocrx_word' id='word_1_170' title='bbox 1069 1959 1229 2001; x_wconf 85' lang='lat' dir='ltr'><strong>dictum</strong></span> <span class='ocrx_word' id='word_1_171' title='bbox 1258 1960 1428 2003; x_wconf 86' lang='lat' dir='ltr'><strong>videtur</strong></span> <span class='ocrx_word' id='word_1_172' title='bbox 1455 1978 1534 2019; x_wconf 91' lang='lat' dir='ltr'><strong>pro</strong></span> 
     </span>
     <span class='ocr_line' id='line_1_27' title="bbox 83 2027 1535 2084; baseline 0.001 -16"><span class='ocrx_word' id='word_1_173' title='bbox 83 2027 260 2082; x_wconf 57' lang='grc' dir='ltr'><em>παρειάς</em></span> <span class='ocrx_word' id='word_1_174' title='bbox 305 2044 402 2069; x_wconf 86' lang='lat' dir='ltr'><strong>nam</strong></span> <span class='ocrx_word' id='word_1_175' title='bbox 432 2028 661 2070; x_wconf 84' lang='lat' dir='ltr'><strong>Pindarica</strong></span> <span class='ocrx_word' id='word_1_176' title='bbox 692 2028 896 2082; x_wconf 76' lang='grc' dir='ltr'><strong>εὐπάραος</strong></span> <span class='ocrx_word' id='word_1_177' title='bbox 925 2028 977 2069; x_wconf 93' lang='grc' dir='ltr'><strong>Ρ.</strong></span> <span class='ocrx_word' id='word_1_178' title='bbox 1009 2027 1129 2077; x_wconf 80' lang='lat' dir='ltr'><strong>XII,</strong></span> <span class='ocrx_word' id='word_1_179' title='bbox 1162 2027 1215 2070; x_wconf 89' lang='grc'><strong>16</strong></span> <span class='ocrx_word' id='word_1_180' title='bbox 1257 2036 1299 2070; x_wconf 86' lang='lat' dir='ltr'><strong>et</strong></span> <span class='ocrx_word' id='word_1_181' title='bbox 1327 2029 1535 2084; x_wconf 79' lang='grc' dir='ltr'><em>χαλκοπά-</em></span> 
     </span>
     <span class='ocr_line' id='line_1_28' title="bbox 87 2095 1534 2155; baseline 0.002 -19"><span class='ocrx_word' id='word_1_182' title='bbox 87 2112 190 2151; x_wconf 81' lang='grc' dir='ltr'><strong>ραος</strong></span> <span class='ocrx_word' id='word_1_183' title='bbox 218 2095 270 2136; x_wconf 93' lang='grc' dir='ltr'><strong>Ρ.</strong></span> <span class='ocrx_word' id='word_1_184' title='bbox 304 2095 350 2149; x_wconf 90' lang='lat' dir='ltr'><strong>I,</strong></span> <span class='ocrx_word' id='word_1_185' title='bbox 381 2097 450 2137; x_wconf 83' lang='lat'><strong>44.</strong></span> <span class='ocrx_word' id='word_1_186' title='bbox 509 2095 566 2138; x_wconf 87' lang='grc' dir='ltr'><strong>Ν.</strong></span> <span class='ocrx_word' id='word_1_187' title='bbox 598 2095 686 2137; x_wconf 90' lang='lat' dir='ltr'><strong>VII</strong></span> <span class='ocrx_word' id='word_1_188' title='bbox 705 2127 718 2149; x_wconf 86' lang='lat'><strong>,</strong></span> <span class='ocrx_word' id='word_1_189' title='bbox 748 2097 801 2139; x_wconf 85' lang='grc'><strong>71</strong></span> <span class='ocrx_word' id='word_1_190' title='bbox 832 2096 904 2139; x_wconf 82' lang='lat' dir='ltr'><strong>vix</strong></span> <span class='ocrx_word' id='word_1_191' title='bbox 933 2103 1047 2138; x_wconf 87' lang='lat' dir='ltr'><strong>reete</strong></span> <span class='ocrx_word' id='word_1_192' title='bbox 1079 2096 1165 2137; x_wconf 80' lang='lat' dir='ltr'><strong>iota</strong></span> <span class='ocrx_word' id='word_1_193' title='bbox 1195 2096 1438 2155; x_wconf 86' lang='lat' dir='ltr'><strong>subscripto</strong></span> <span class='ocrx_word' id='word_1_194' title='bbox 1469 2114 1534 2139; x_wconf 86' lang='lat' dir='ltr'><strong>ca-</strong></span> 
     </span>
     <span class='ocr_line' id='line_1_29' title="bbox 86 2162 1534 2223; baseline 0.002 -19"><span class='ocrx_word' id='word_1_195' title='bbox 86 2169 207 2216; x_wconf 79' lang='lat' dir='ltr'><strong>rent,</strong></span> <span class='ocrx_word' id='word_1_196' title='bbox 238 2162 324 2204; x_wconf 85' lang='lat' dir='ltr'><strong>vid.</strong></span> <span class='ocrx_word' id='word_1_197' title='bbox 358 2179 466 2220; x_wconf 79' lang='lat' dir='ltr'><strong>quae</strong></span> <span class='ocrx_word' id='word_1_198' title='bbox 495 2163 806 2222; x_wconf 84' lang='lat' dir='ltr'><strong>disputavimus</strong></span> <span class='ocrx_word' id='word_1_199' title='bbox 836 2165 889 2206; x_wconf 94' lang='lat' dir='ltr'><strong>L.</strong></span> <span class='ocrx_word' id='word_1_200' title='bbox 914 2164 934 2206; x_wconf 90' lang='lat' dir='ltr'><strong>I</strong></span> <span class='ocrx_word' id='word_1_201' title='bbox 964 2164 1005 2218; x_wconf 66' lang='grc' dir='ltr'><strong>ξ.</strong></span> <span class='ocrx_word' id='word_1_202' title='bbox 1028 2164 1084 2206; x_wconf 88' lang='grc'><strong>46</strong></span> <span class='ocrx_word' id='word_1_203' title='bbox 1114 2171 1202 2208; x_wconf 90' lang='lat' dir='ltr'><strong>not.</strong></span> <span class='ocrx_word' id='word_1_204' title='bbox 1230 2165 1279 2219; x_wconf 83' lang='lat'><strong>5,</strong></span> <span class='ocrx_word' id='word_1_205' title='bbox 1311 2165 1387 2207; x_wconf 91' lang='lat' dir='ltr'><strong>ubi</strong></span> <span class='ocrx_word' id='word_1_206' title='bbox 1414 2181 1534 2223; x_wconf 88' lang='lat' dir='ltr'><strong>prae-</strong></span> 
     </span>
     <span class='ocr_line' id='line_1_30' title="bbox 87 2231 1221 2290; baseline 0.002 -20"><span class='ocrx_word' id='word_1_207' title='bbox 87 2237 202 2271; x_wconf 82' lang='lat' dir='ltr'><strong>terea</strong></span> <span class='ocrx_word' id='word_1_208' title='bbox 231 2238 429 2287; x_wconf 78' lang='lat' dir='ltr'><strong>apparet,</strong></span> <span class='ocrx_word' id='word_1_209' title='bbox 460 2231 584 2274; x_wconf 80' lang='lat' dir='ltr'><strong>etiam</strong></span> <span class='ocrx_word' id='word_1_210' title='bbox 614 2232 684 2274; x_wconf 87' lang='lat' dir='ltr'><strong>hie</strong></span> <span class='ocrx_word' id='word_1_211' title='bbox 716 2251 741 2273; x_wconf 90' lang='grc' dir='ltr'>α</span> <span class='ocrx_word' id='word_1_212' title='bbox 770 2249 864 2274; x_wconf 87' lang='lat' dir='ltr'><strong>esse</strong></span> <span class='ocrx_word' id='word_1_213' title='bbox 891 2248 970 2290; x_wconf 88' lang='lat' dir='ltr'><strong>pro</strong></span> <span class='ocrx_word' id='word_1_214' title='bbox 1000 2231 1149 2273; x_wconf 87' lang='lat' dir='ltr'><strong>lonico</strong></span> <span class='ocrx_word' id='word_1_215' title='bbox 1180 2250 1221 2282; x_wconf 89' lang='grc' dir='ltr'><strong>η.</strong></span> 
     </span>
    </p>

    <p class='ocr_par' dir='ltr' id='par_1_18' title="bbox 200 2297 1532 2358">
     <span class='ocr_line' id='line_1_31' title="bbox 200 2297 1532 2358; baseline 0.002 -20"><span class='ocrx_word' id='word_1_216' title='bbox 200 2297 330 2338; x_wconf 82' lang='grc' dir='ltr'><em>πλάν</em></span> <span class='ocrx_word' id='word_1_217' title='bbox 358 2314 435 2355; x_wconf 90' lang='lat' dir='ltr'><strong>pro</strong></span> <span class='ocrx_word' id='word_1_218' title='bbox 458 2299 563 2349; x_wconf 75' lang='grc' dir='ltr'><em>πλήν</em></span> <span class='ocrx_word' id='word_1_219' title='bbox 585 2316 712 2357; x_wconf 82' lang='lat' dir='ltr'><strong>saepe</strong></span> <span class='ocrx_word' id='word_1_220' title='bbox 733 2299 941 2358; x_wconf 85' lang='lat' dir='ltr'><strong>repetitur</strong></span> <span class='ocrx_word' id='word_1_221' title='bbox 960 2299 1005 2341; x_wconf 91' lang='lat' dir='ltr'><strong>in</strong></span> <span class='ocrx_word' id='word_1_222' title='bbox 1027 2315 1236 2342; x_wconf 82' lang='lat' dir='ltr'><strong>marmore</strong></span> <span class='ocrx_word' id='word_1_223' title='bbox 1256 2301 1292 2342; x_wconf 92' lang='lat' dir='ltr'><strong>F</strong></span> <span class='ocrx_word' id='word_1_224' title='bbox 1294 2301 1532 2343; x_wconf 81' lang='lat' dir='ltr'><strong>arnesiano.</strong></span> 
     </span>
    </p>

    <p class='ocr_par' dir='ltr' id='par_1_19' title="bbox 89 2366 1536 2623">
     <span class='ocr_line' id='line_1_32' title="bbox 199 2366 1536 2426; baseline 0.003 -21"><span class='ocrx_word' id='word_1_225' title='bbox 199 2366 420 2407; x_wconf 78' lang='grc' dir='ltr'><em>πλατίον</em></span> <span class='ocrx_word' id='word_1_226' title='bbox 449 2382 527 2424; x_wconf 86' lang='lat' dir='ltr'><strong>pro</strong></span> <span class='ocrx_word' id='word_1_227' title='bbox 556 2370 729 2418; x_wconf 76' lang='grc' dir='ltr'><em>πλησίον</em></span> <span class='ocrx_word' id='word_1_228' title='bbox 757 2367 911 2425; x_wconf 85' lang='lat' dir='ltr'><strong>Epich.</strong></span> <span class='ocrx_word' id='word_1_229' title='bbox 931 2368 1000 2410; x_wconf 79' lang='grc'><strong>72.</strong></span> <span class='ocrx_word' id='word_1_230' title='bbox 1047 2367 1147 2409; x_wconf 81' lang='lat' dir='ltr'><strong>Vox</strong></span> <span class='ocrx_word' id='word_1_231' title='bbox 1174 2369 1361 2426; x_wconf 85' lang='lat' dir='ltr'><strong>pertinet</strong></span> <span class='ocrx_word' id='word_1_232' title='bbox 1390 2369 1441 2411; x_wconf 84' lang='lat' dir='ltr'><strong>ad</strong></span> <span class='ocrx_word' id='word_1_233' title='bbox 1472 2386 1536 2410; x_wconf 83' lang='lat' dir='ltr'><strong>ra-</strong></span> 
     </span>
     <span class='ocr_line' id='line_1_33' title="bbox 89 2433 1534 2490; baseline 0 -14"><span class='ocrx_word' id='word_1_234' title='bbox 89 2433 228 2476; x_wconf 81' lang='lat' dir='ltr'><strong>dicem</strong></span> <span class='ocrx_word' id='word_1_235' title='bbox 256 2433 382 2483; x_wconf 75' lang='grc' dir='ltr'>πέλα,</span> <span class='ocrx_word' id='word_1_236' title='bbox 428 2439 534 2484; x_wconf 81' lang='grc' dir='ltr'>πλα,</span> <span class='ocrx_word' id='word_1_237' title='bbox 577 2435 690 2477; x_wconf 87' lang='lat' dir='ltr'><strong>unde</strong></span> <span class='ocrx_word' id='word_1_238' title='bbox 721 2436 868 2486; x_wconf 72' lang='grc' dir='ltr'>πέλας,</span> <span class='ocrx_word' id='word_1_239' title='bbox 915 2434 1101 2490; x_wconf 77' lang='grc' dir='ltr'>πελάζω,</span> <span class='ocrx_word' id='word_1_240' title='bbox 1149 2436 1348 2485; x_wconf 74' lang='grc' dir='ltr'><strong>ἄπλατος,</strong></span> <span class='ocrx_word' id='word_1_241' title='bbox 1388 2436 1534 2477; x_wconf 69' lang='grc' dir='ltr'><strong>πλάθει)</strong></span> 
     </span>
     <span class='ocr_line' id='line_1_34' title="bbox 90 2500 1535 2561; baseline -0.001 -16"><span class='ocrx_word' id='word_1_242' title='bbox 90 2504 146 2546; x_wconf 80' lang='lat' dir='ltr'><strong>cf.</strong></span> <span class='ocrx_word' id='word_1_243' title='bbox 179 2503 340 2544; x_wconf 83' lang='lat' dir='ltr'><strong>Buttm.</strong></span> <span class='ocrx_word' id='word_1_244' title='bbox 374 2500 563 2543; x_wconf 84' lang='lat' dir='ltr'><strong>Gramm.</strong></span> <span class='ocrx_word' id='word_1_245' title='bbox 605 2503 648 2544; x_wconf 93' lang='lat' dir='ltr'><strong>II</strong></span> <span class='ocrx_word' id='word_1_246' title='bbox 687 2519 731 2561; x_wconf 90' lang='lat' dir='ltr'><strong>p.</strong></span> <span class='ocrx_word' id='word_1_247' title='bbox 762 2503 872 2558; x_wconf 75' lang='lat'><strong>267,</strong></span> <span class='ocrx_word' id='word_1_248' title='bbox 912 2503 1140 2556; x_wconf 75' lang='grc' dir='ltr'>πέπλαμαι,</span> <span class='ocrx_word' id='word_1_249' title='bbox 1186 2504 1300 2561; x_wconf 90' lang='lat' dir='ltr'><strong>quod</strong></span> <span class='ocrx_word' id='word_1_250' title='bbox 1326 2505 1535 2546; x_wconf 83' lang='lat' dir='ltr'><strong>Doricum</strong></span> 
     </span>
     <span class='ocr_line' id='line_1_35' title="bbox 91 2569 861 2623; baseline 0 -11"><span class='ocrx_word' id='word_1_251' title='bbox 91 2570 247 2613; x_wconf 81' lang='lat' dir='ltr'><strong>(licitur</strong></span> <span class='ocrx_word' id='word_1_252' title='bbox 275 2570 394 2611; x_wconf 83' lang='lat' dir='ltr'><strong>Anu.</strong></span> <span class='ocrx_word' id='word_1_253' title='bbox 429 2569 541 2610; x_wconf 81' lang='lat' dir='ltr'><strong>Oxx.</strong></span> <span class='ocrx_word' id='word_1_254' title='bbox 574 2570 622 2623; x_wconf 89' lang='lat' dir='ltr'><strong>I,</strong></span> <span class='ocrx_word' id='word_1_255' title='bbox 653 2571 760 2623; x_wconf 84' lang='lat'><strong>148,</strong></span> <span class='ocrx_word' id='word_1_256' title='bbox 790 2572 861 2614; x_wconf 74' lang='grc'><strong>29.</strong></span> 
     </span>
    </p>

    <p class='ocr_par' dir='ltr' id='par_1_20' title="bbox 203 2637 1380 2695">
     <span class='ocr_line' id='line_1_36' title="bbox 203 2637 1380 2695; baseline 0 -16"><span class='ocrx_word' id='word_1_257' title='bbox 203 2637 463 2685; x_wconf 81' lang='grc' dir='ltr'><strong>πολιάτας</strong></span> <span class='ocrx_word' id='word_1_258' title='bbox 493 2653 572 2695; x_wconf 92' lang='lat' dir='ltr'><strong>pro</strong></span> <span class='ocrx_word' id='word_1_259' title='bbox 600 2638 749 2680; x_wconf 89' lang='lat' dir='ltr'><strong>lonico</strong></span> <span class='ocrx_word' id='word_1_260' title='bbox 780 2639 976 2690; x_wconf 78' lang='grc' dir='ltr'><strong>πολιήτης</strong></span> <span class='ocrx_word' id='word_1_261' title='bbox 1004 2640 1134 2681; x_wconf 85' lang='lat' dir='ltr'><strong>Pind.</strong></span> <span class='ocrx_word' id='word_1_262' title='bbox 1168 2640 1203 2681; x_wconf 87' lang='grc' dir='ltr'><strong>Ι.</strong></span> <span class='ocrx_word' id='word_1_263' title='bbox 1237 2639 1281 2691; x_wconf 90' lang='lat' dir='ltr'><strong>I,</strong></span> <span class='ocrx_word' id='word_1_264' title='bbox 1312 2639 1380 2681; x_wconf 89' lang='grc'><strong>51.</strong></span> 
     </span>
    </p>

    <p class='ocr_par' dir='ltr' id='par_1_21' title="bbox 94 2705 1533 2833">
     <span class='ocr_line' id='line_1_37' title="bbox 205 2705 1533 2763; baseline 0 -17"><span class='ocrx_word' id='word_1_265' title='bbox 205 2705 365 2753; x_wconf 86' lang='grc' dir='ltr'>σακός</span> <span class='ocrx_word' id='word_1_266' title='bbox 392 2721 471 2763; x_wconf 88' lang='lat' dir='ltr'><strong>pro</strong></span> <span class='ocrx_word' id='word_1_267' title='bbox 506 2705 634 2755; x_wconf 88' lang='grc' dir='ltr'>σηκός</span> <span class='ocrx_word' id='word_1_268' title='bbox 655 2706 863 2748; x_wconf 84' lang='lat' dir='ltr'><strong>Doricum</strong></span> <span class='ocrx_word' id='word_1_269' title='bbox 892 2723 986 2751; x_wconf 84' lang='lat' dir='ltr'><strong>esse</strong></span> <span class='ocrx_word' id='word_1_270' title='bbox 1018 2707 1063 2749; x_wconf 91' lang='lat' dir='ltr'><strong>in</strong></span> <span class='ocrx_word' id='word_1_271' title='bbox 1094 2707 1323 2749; x_wconf 86' lang='lat' dir='ltr'><strong>eertiorum</strong></span> <span class='ocrx_word' id='word_1_272' title='bbox 1352 2705 1533 2747; x_wconf 81' lang='lat' dir='ltr'><strong>fontium</strong></span> 
     </span>
     <span class='ocr_line' id='line_1_38' title="bbox 94 2771 1476 2833; baseline 0 -20"><span class='ocrx_word' id='word_1_273' title='bbox 94 2771 265 2816; x_wconf 86' lang='lat' dir='ltr'><strong>silentio</strong></span> <span class='ocrx_word' id='word_1_274' title='bbox 295 2773 492 2832; x_wconf 88' lang='lat' dir='ltr'><strong>suspicor</strong></span> <span class='ocrx_word' id='word_1_275' title='bbox 520 2789 573 2816; x_wconf 85' lang='lat' dir='ltr'><strong>ex</strong></span> <span class='ocrx_word' id='word_1_276' title='bbox 602 2773 810 2832; x_wconf 74' lang='lat' dir='ltr'><strong>Hesychii</strong></span> <span class='ocrx_word' id='word_1_277' title='bbox 839 2775 982 2833; x_wconf 76' lang='lat' dir='ltr'><strong>glossa</strong></span> <span class='ocrx_word' id='word_1_278' title='bbox 1017 2775 1203 2825; x_wconf 81' lang='grc' dir='ltr'>σάκωσε,</span> <span class='ocrx_word' id='word_1_279' title='bbox 1235 2774 1476 2817; x_wconf 72' lang='grc' dir='ltr'><strong>κατέκλεισε.</strong></span> 
     </span>
    </p>
   </div>
  </div>
 </body>
</html>
