1779 3079
525 140 566 200 §.
601 142 678 192 46.
751 141 903 190 Varia
938 140 1184 203 quaedam.
1480 141 1578 190 393

134 279 248 319 hunc
269 285 452 336 quatuor
481 286 528 319 ut
547 278 744 320 trientem
767 277 1130 320 demonstrarunt.
1191 279 1410 320 Accentus
1434 294 1579 321 earum

133 362 285 388 vocum
319 346 421 388 satis
453 346 610 387 dubius
641 353 719 387 est.
781 345 831 385 In
861 344 987 386 libris
1018 346 1146 388 modo
1176 347 1326 388 ultima
1355 353 1479 389 acuto
1507 353 1580 388 aut

134 412 409 456 circumflexo
449 414 658 455 instructa
697 419 784 466 est,
828 412 956 454 modo
995 413 1235 469 penultima
1273 422 1412 455 acuto.
1488 414 1580 457 Nos

132 482 250 535 τρίας
279 489 359 523 etc.
393 482 673 539 praetulimus
712 486 885 537 propter
913 479 1061 520 Latini
1101 486 1278 523 triens
1322 481 1580 538 analogiam,

134 564 378 607 quanquam
409 550 560 591 liceret
588 548 715 590 etiam
746 547 933 600 τριάντος
965 564 1062 589 cum
1103 548 1334 591 trientis
1365 550 1577 591 conferre.

247 617 490 670 κιύβιτον,
522 617 619 657 Lat.
653 614 906 669 cubitus,
947 614 1249 658 Siccliotarum
1280 633 1362 658 vox
1392 633 1486 659 csse
1517 618 1580 659 vi-

133 683 281 737 detur,
315 684 428 726 unde
448 684 782 741 Epicharmeum
813 684 1028 735 κυριτίζειν
1051 684 1267 726 derivatur
1287 686 1355 736 Η).
1416 685 1580 726 Eadem

130 758 271 792 tamen
311 766 415 793 voce
452 752 581 794 Iones
623 757 664 792 et
701 751 988 808 Hippocrates
1028 751 1098 794 usi
1137 758 1262 806 sunt,
1309 759 1357 793 ut
1399 768 1486 794 non
1527 752 1580 794 ab

131 819 251 861 Italis
281 827 496 877 acceptam
527 834 622 861 csse
652 826 866 875 appareat.

242 886 513 943 κάρκαρον
558 886 670 944 apud
717 886 987 943 Sophroncm
1038 902 1251 930 carcerem
1294 887 1580 944 significahat,

129 955 244 1012 apud
275 954 570 996 Rhintlionem
603 954 820 996 stabulum
851 953 922 1010 1⁵).
996 955 1094 997 Vox
1124 956 1245 998 Italis
1285 955 1434 998 deberi
1464 955 1581 998 vide-

129 1030 224 1076 tui-3
269 1038 366 1063 nam
396 1039 504 1080 quae
537 1023 650 1080 apud
682 1022 870 1064 Graecos
901 1022 1060 1065 similia
1089 1031 1214 1078 suut,
1258 1024 1471 1066 diversam
1502 1039 1581 1081 po-

129 1097 325 1132 testatem
356 1090 529 1132 habeut.

243 1160 454 1211 μοῖτος,
502 1157 652 1200 Sicula
693 1173 800 1212 vox,
849 1158 963 1200 unde
1002 1158 1142 1202 Varro
1187 1167 1410 1201 mutuus
1456 1159 1578 1214 dicit,

129 1225 218 1268 vid.
255 1225 412 1284 Sophr.
447 1225 501 1266 fr.
536 1225 614 1267 ult.

241 1293 433 1346 πανός,
476 1293 592 1349 quod
621 1292 939 1350 Messapiorum
970 1310 1066 1336 esse
1099 1293 1258 1337 dieitur
1287 1311 1364 1353 pro
1396 1295 1577 1353 paniS,

128 1362 204 1403 vix
230 1369 345 1403 recte
375 1361 427 1403 ab
457 1361 642 1403 Italiotis
674 1369 716 1403 et
750 1361 971 1403 Siceliotis
1003 1370 1223 1420 receptum
1254 1370 1444 1421 putatur.
1502 1363 1580 1404 Ni-

128 1429 193 1471 hil
223 1428 338 1470 enim
375 1444 472 1470 cum
513 1445 561 1471 ea
589 1444 694 1471 voce
725 1431 953 1472 cohaerere
982 1431 1182 1472 videntur
1212 1434 1337 1472 πανιά
1368 1447 1446 1488 pro
1476 1436 1579 1480 πλη-

131 1496 261 1549 σμονή
303 1504 345 1538 et
382 1495 432 1537 τὰ
470 1496 597 1538 πάνια
639 1513 718 1555 pro
759 1496 808 1537 τὰ
847 1497 1061 1553 πλήσμια,
1115 1515 1223 1557 quae
1267 1516 1290 1542 e
1333 1499 1497 1542 Siculis
1538 1506 1580 1541 et

128 1564 382 1606 Tarentinis
411 1565 553 1622 politis
584 1566 821 1607 afferuntur
852 1567 921 1616 16).

240 1632 446 1673 πατάνα
486 1640 552 1674 cst
581 1633 696 1690 apud
727 1632 997 1690 Sophronem
1027 1634 1080 1674 fr.
1114 1634 1165 1676 31
1198 1635 1415 1684 (neutrum
1446 1633 1579 1674 πάτα-

126 1716 198 1742 νον
227 1706 530 1742 commemorat
559 1700 720 1741 Pollux
739 1700 831 1754 Vl,
863 1700 919 1743 90
949 1702 1004 1742 cs.
1038 1701 1232 1758 Hesych.
1265 1701 1450 1751 πάτανα,
1481 1718 1580 1753 τρυ-

129 1767 270 1819 βλία),
327 1766 443 1808 unde
490 1767 713 1809 descendit
753 1768 1040 1825 compositum
1084 1768 1312 1822 nazckvaezsrcg
1358 1769 1578 1825 anguillae

128 1834 349 1891 epitheton
378 1835 493 1892 apud
523 1834 830 1892 Epicharmum
862 1836 976 1878 Poll.
998 1837 1077 1887 vl,
1105 1837 1161 1879 90
1195 1844 1236 1878 ct
1267 1837 1578 1878 deminutivum

127 1900 352 1951 πατάνιον,
399 1902 528 1958 cujus
557 1902 716 1945 rustica
747 1904 884 1946 forma
913 1903 1108 1957 βατάνιον
1139 1905 1298 1947 diserto
1331 1905 1578 1947 testimonio

176 2070 233 2109 14)
280 2069 379 2104 ΡΟΙῙ.
415 2069 488 2113 IV,
516 2071 592 2105 141.
643 2071 702 2104 καὶ
737 2069 874 2113 κύβιτον
910 2071 1016 2109 ἕῖποις
1048 2070 1092 2105 εἳν
1123 2069 1165 2109 ὥς
1195 2069 1440 2117 Ἱπποκράτης.
1489 2072 1579 2105 δοκεῖ

130 2126 166 2159 δὲ
189 2120 273 2159 εἶναι
294 2126 447 2173 Δωρικὸν
470 2128 622 2169 τοῦνομα
645 2132 712 2162 τῶν
736 2129 769 2161 ἐν
792 2130 937 2173 Σικελίᾳ
960 2130 1127 2175 Δωριέων.
1178 2126 1261 2164 ὅθεν
1282 2128 1490 2175 Ἐπίχαρμος
1523 2131 1579 2162 καὶ

131 2181 170 2216 τὸ
203 2185 315 2218 παίειν
347 2188 395 2228 τῷ
428 2185 553 2227 ἀγκῶνι
588 2186 765 2228 κυβιτίζειν
798 2188 896 2229 λέγει.
932 2207 975 2212 —
1028 2188 1136 2222 Phot.
1172 2187 1359 2231 κύβηττονε
1399 2187 1507 2224 Ἴωνες
1537 2186 1578 2220 τὸ

133 2240 235 2287 ἄκρον
256 2245 318 2275 τοῦ
343 2241 513 2285 ἀγκῶνος·
551 2240 656 2280 οὕτως
677 2242 908 2290 Ἐπίχαρμος,
945 2256 1039 2288 quae
1066 2256 1193 2278 manca
1218 2257 1298 2279 esse
1323 2245 1506 2279 videntur.
1534 2265 1576 2269 —

134 2298 292 2343 Hesych.
317 2299 505 2344 κυβητίἷζω,
531 2304 601 2338 τοῖς
625 2299 751 2343 ἀγκῶσι
774 2302 915 2347 πλήττω
941 2310 979 2337 et
1004 2302 1158 2345 κυβιτόν,
1184 2301 1200 2335 ὃ
1228 2301 1347 2344 ἀγκών.
1397 2302 1456 2336 De
1482 2301 1577 2347 Hip-

135 2355 292 2400 pocratis
318 2367 381 2390 usu
409 2357 455 2392 cf.
481 2357 648 2391 Erotian.
673 2366 710 2393 et
735 2360 863 2393 Galen.
891 2360 1015 2394 Gloss.

182 2419 241 2460 15)
281 2419 392 2454 Phot.
419 2418 613 2465 κάρκαρον·
650 2419 689 2453 τὸ
715 2421 950 2469 δεσμωτήριον.
1002 2420 1108 2460 οὕτως
1129 2421 1294 2468 Σώφρων.
1322 2442 1362 2446 -
1412 2422 1574 2467 Hesych.

135 2474 294 2521 κάρκαρα
312 2497 355 2501 -—
380 2478 461 2510 ἔνιοι
485 2477 547 2515 τὰς
570 2477 744 2524 μάνδρας·
766 2478 925 2514 Ῥίνθων.

185 2539 243 2580 16)
291 2538 417 2574 Ahen.
445 2541 524 2583 III,
550 2543 629 2576 lll.
656 2542 695 2576 C.
744 2543 869 2583 πανός,
907 2543 1029 2588 ἄρτος,
1065 2543 1274 2578 ΒΙεσσάπιοι.
1324 2545 1380 2577 καὶ
1401 2542 1464 2588 τὴν
1487 2546 1575 2589 πλη-

139 2594 262 2639 σμόνην
297 2599 414 2631 nasim
450 2599 506 2631 καὶ
540 2597 651 2632 πάνια
673 2598 719 2632 τὰ
742 2601 898 2646 πλήσμια
921 2601 1066 2639 Βλαῖσος
1092 2601 1125 2634 ἐν
1149 2601 1354 2647 ῙιΙεσοτρίβᾳ
1378 2602 1435 2634 καὶ
1457 2601 1576 2636 Δεινό-

139 2655 240 2694 λοχος
274 2651 307 2685 ἒν
340 2653 468 2700 Τή.έφῳ
496 2654 645 2690 Ῥίνθων
679 2670 715 2691 τε
746 2658 781 2691 ἐν
807 2657 1036 2706 Ἀμφιτρύωνι
1074 2660 1131 2693 καὶ
1149 2660 1315 2700 Ῥωμαῖοι
1338 2660 1373 2693 δὲ
1397 2662 1493 2693 πᾶνα
1518 2659 1577 2695 τὸν

139 2709 245 2756 ἄρτον
269 2711 409 2743 καλοῦσι
