1779 3079
228 155 326 204 408
568 154 609 213 ᾗ.
647 153 725 202 48.
797 155 871 201 De
907 154 1105 201 mitiore
1143 155 1340 204 Doride.

228 300 276 334 ut
304 294 448 341 ποιῆαἱ
479 307 557 348 pro
589 293 791 341 ποιῆσαι,
843 307 925 350 qua
957 289 1192 332 mutatione
1222 299 1440 347 praeterea
1470 293 1678 334 recentio-

225 376 295 402 res
323 360 547 413 Lacones,
589 359 836 417 Pamphylii
877 367 919 400 et
948 366 1066 401 extra
1095 358 1306 401 Doridem
1337 359 1610 402 Eretrienses
1638 368 1681 402 et

228 427 384 485 Oropii
415 427 484 468 usi
518 434 619 468 sunt
647 427 736 469 vid.
761 430 801 481 ξ.
824 428 865 470 9.
928 427 1155 468 Praeterea
1181 426 1338 483 Argivi
1367 427 1480 469 inter
1508 428 1680 470 vocales

227 495 412 537 subinde
453 500 480 548 β
516 511 596 552 pro
638 495 849 553 digamma
882 495 1084 553 posuisse
1116 494 1317 536 videntur
1346 511 1443 536 cum
1476 496 1680 538 Cretihus

226 571 268 604 et
296 562 477 620 Argivis
507 571 555 604 ut
586 562 695 616 ὤβεα
722 579 800 620 pro
835 563 939 612 ὤεα,
975 562 1035 603 οἷά
1065 562 1153 605 vid.
1188 562 1229 615 ξ.
1263 564 1315 616 5,
1348 564 1399 617 9,
1432 579 1559 620 quam
1588 580 1679 605 mu·

225 631 430 673 tationem
461 647 612 673 recens
636 631 768 673 Doris
800 630 989 672 severior
1018 630 1144 671 etiam
1175 630 1228 671 ad
1260 630 1567 673 vocabulorum
1597 631 1680 673 ini·

224 699 330 741 tium
363 699 609 741 adhibebat.
650 723 705 728 --
764 698 1083 755 Pamphylii
1124 698 1258 755 igitur
1300 707 1340 739 ct
1371 715 1571 756 asperum
1603 715 1680 757 pro

227 785 276 818 σ,
311 775 353 809 ct
382 774 409 821 β
435 784 512 825 pro
544 767 757 825 digamma
790 764 888 820 (uec
921 766 1044 823 plura
1077 765 1127 807 de
1152 782 1299 807 eorum
1330 766 1480 822 lingua
1507 767 1680 825 cognita

222 835 448 888 habemus)
491 852 587 876 cnm
629 834 810 892 Argivis
854 832 1097 874 communia
1136 833 1308 873 habent.
1371 833 1515 886 Quare
1556 835 1681 876 dubi-

222 911 361 946 tanter
391 919 465 944 cos
498 905 579 943 hoc
610 903 707 943 loeo
740 901 1199 953 commemoravimus,
1233 917 1478 959 quanquam
1510 902 1679 945 mitiore

221 971 386 1014 Doride
418 986 521 1012 usos
553 986 650 1011 esse
680 968 877 1010 affirmari
908 985 993 1010 non
1028 976 1182 1026 potest.

333 1040 379 1089 4)
441 1036 936 1095 Septentrionalis
980 1036 1114 1078 Doris
1171 1052 1219 1078 ca
1266 1035 1451 1079 mitioris
1503 1039 1679 1095 generis

223 1107 393 1166 specics
425 1105 635 1164 appellari
665 1112 835 1162 potest,
868 1121 977 1162 quae
1009 1105 1054 1145 in
1076 1104 1373 1146 Phocensium
1405 1115 1446 1147 et
1471 1107 1678 1149 recentio-

220 1192 314 1218 rum
346 1174 644 1232 Delphorum,
677 1173 944 1227 Locrorum,
976 1174 1258 1225 Aetolorum,
1289 1181 1505 1231 postremo
1535 1175 1680 1217 Thau·

221 1243 515 1296 macensium,
565 1242 639 1299 qui
679 1249 744 1283 cst
775 1240 1042 1282 Phthiotidis
1073 1240 1289 1299 populuS,
1333 1241 1475 1284 titulis
1507 1243 1678 1301 conspi-

221 1312 349 1353 eitur.
411 1312 453 1352 A
491 1309 662 1367 vulgari
700 1308 865 1350 Doride
907 1325 994 1350 nou
1036 1308 1254 1367 discrepat
1293 1317 1592 1368 praeterquam
1631 1311 1677 1353 in

220 1378 555 1438 praepositionis
588 1379 627 1417 ἐν
657 1393 735 1434 pro
769 1378 824 1424 εἰς
854 1393 964 1430 usu,
1014 1377 1089 1434 qui
1120 1377 1296 1421 Boeotis
1334 1379 1575 1420 eommunis
1614 1387 1678 1422 est

220 1448 309 1491 vid.
343 1448 384 1501 ξ.
415 1448 496 1501 43,
530 1445 584 1499 6,
617 1445 775 1487 dativis
804 1445 953 1486 tertiae
985 1445 1289 1487 declinationis
1322 1445 1506 1488 subinde
1538 1446 1581 1488 in
1615 1463 1679 1496 οις

220 1515 483 1558 exeuntibus
515 1521 562 1555 ut
594 1512 766 1567 ἀγῶνοις
796 1513 836 1565 ξ.
872 1512 954 1565 30,
984 1512 1009 1553 3
1041 1520 1082 1553 et
1112 1513 1210 1554 aliis
1242 1512 1527 1571 quibusdam,
1568 1530 1677 1572 quac

221 1582 543 1640 composuimus
578 1581 632 1622 L.
667 1583 685 1623 I
729 1583 770 1635 ξ.
806 1581 886 1634 54,
920 1581 960 1622 3.
1023 1581 1177 1633 Adde,
1225 1581 1342 1639 quod
1382 1582 1594 1624 vocalium
1635 1599 1677 1626 εο

220 1660 262 1694 et
293 1669 344 1693 em
376 1650 612 1693 contractio
644 1649 779 1691 multo
811 1649 938 1689 etiam
970 1648 1114 1690 miuus
1147 1665 1275 1706 quam
1311 1649 1356 1690 in
1387 1650 1557 1708 vulgari
1587 1650 1677 1693 Do-

218 1721 313 1763 ride
344 1719 584 1761 admittitur
615 1720 655 1770 §.
688 1717 770 1769 26,
802 1717 844 1758 4.
878 1717 917 1758 5.
944 1717 985 1759 6.
1060 1717 1222 1758 Gentes
1262 1717 1360 1759 illas
1392 1734 1478 1759 non
1509 1726 1623 1760 recte
1653 1735 1675 1760 a

219 1788 433 1830 Strabone
479 1787 530 1829 ad
586 1786 813 1827 Aeolicam
864 1785 1042 1842 stirpem
1088 1785 1240 1827 reserri
1289 1785 1516 1828 docuimus
1560 1786 1614 1827 L.
1655 1786 1676 1828 Ι

217 1857 259 1909 ξ.
296 1857 342 1908 1,
380 1858 429 1908 l,
484 1871 628 1912 neque
669 1853 848 1895 meliore
886 1853 988 1908 jure
1034 1869 1181 1894 corum
1228 1853 1433 1895 dialectos
1471 1853 1675 1894 Aeolicas

217 1923 365 1965 haberi
400 1931 441 1965 et
471 1939 492 1964 e
524 1924 577 1964 L.
612 1922 632 1962 l
670 1922 710 1973 ξ.
746 1922 798 1963 54
839 1929 880 1962 et
912 1937 962 1961 cx
994 1922 1074 1962 hoc
1106 1920 1297 1962 secundo
1326 1920 1439 1961 libro
1470 1921 1573 1961 satis
1606 1936 1675 1962 su·

216 2007 380 2050 perque
421 1997 611 2047 apparet.
689 1988 857 2042 Quodsi
889 1989 988 2045 quis
1019 1989 1223 2029 Doricam
1257 1988 1487 2029 dialectum
1526 2003 1674 2029 recen-

216 2060 326 2101 tiore
367 2058 536 2100 demnm
576 2065 767 2114 tempore
813 2056 856 2096 in
900 2072 972 2097 eas
1011 2055 1213 2112 reg-iones
1255 2055 1415 2096 illatam
1457 2055 1675 2098 existimet

217 2126 576 2185 quemadmodum
622 2124 668 2166 in
709 2123 965 2175 Arcadiam,
1012 2122 1050 2164 ei
1093 2139 1179 2164 non
1223 2123 1363 2164 solnm
1404 2123 1671 2179 adversatur,

216 2196 332 2254 quod
363 2195 604 2236 Dorienses
647 2192 716 2233 vel
748 2191 933 2232 coloniis
975 2191 1043 2232 vel
1083 2191 1263 2248 imperio
1305 2191 1374 2233 vel
1415 2192 1672 2234 commercio

215 2280 364 2323 parum
409 2263 469 2304 ihi
506 2260 733 2312 valebant,
782 2259 858 2300 sed
899 2258 1025 2299 etiam
1064 2259 1180 2315 qnod
1211 2259 1322 2300 levia
1355 2259 1561 2317 quaedam
1596 2259 1672 2302 sed

215 2331 458 2374 constantia
491 2328 738 2371 discrimina
772 2327 884 2368 iuter
914 2326 1295 2383 septentrionalem
1338 2327 1456 2368 illam
1497 2335 1538 2368 ct
1572 2325 1672 2369 reli-

216 2416 343 2457 quam
375 2398 585 2440 Doridem
618 2395 906 2437 intercedunt.
983 2394 1072 2435 Cur
1115 2394 1229 2435 enim
1260 2395 1408 2436 Aetoli
1441 2402 1482 2435 ct
1512 2394 1671 2453 reliqui

215 2474 316 2525 post
345 2466 555 2509 Doridem
586 2471 798 2521 receptam
831 2462 1106 2519 pertinaciter
1137 2463 1176 2502 ἐν
1209 2478 1285 2519 pro
1319 2464 1375 2510 εἰς
1404 2462 1669 2504 retinerent?

216 2535 367 2592 ltaque
406 2533 479 2574 vix
517 2548 749 2590 possumus
787 2534 892 2588 quin
934 2538 1083 2585 gentes
1124 2530 1223 2571 illas
1263 2530 1314 2571 ab
1355 2529 1671 2588 antiquissimis

217 2601 485 2659 temporibus
517 2601 676 2642 Dorice
708 2600 875 2641 locutas
906 2613 1000 2639 csse
1033 2598 1333 2639 existimemus
1372 2605 1468 2650 aut,
1519 2605 1564 2638 ut
1603 2613 1670 2639 ac·

217 2670 407 2710 curatius
437 2670 691 2726 loquamur,
724 2683 771 2708 ea
803 2666 986 2706 dialecto
1018 2681 1118 2706 usas
1151 2681 1274 2718 esse,
1307 2681 1416 2722 quae
1441 2665 1669 2706 aDoricn·

217 2736 338 2778 sibus
380 2737 424 2777 in
470 2737 577 2778 alias
615 2743 748 2777 terras
792 2741 1022 2792 propagata
1062 2733 1249 2775 Doricae
1291 2748 1446 2774 nomen
1487 2732 1666 2790 accepit.

1744 735 1745 738 „
1745 715 1747 717 -
1735 609 1750 674 abl·
