1779 3079
275 189 319 249 §.
355 190 430 237 12.
479 190 553 236 Dc
581 183 947 235 consonantibus
981 179 1258 245 duplicibus.
1426 179 1491 228 95

57 325 270 379 ditantur,
301 333 348 367 ut
378 325 587 378 ἁτιμάσδει
617 323 660 364 in
685 322 853 362 decreto
875 326 1020 360 contra
1039 318 1330 371 Timotheum,
1360 317 1494 369 με’σῦω

58 409 138 452 pro
175 396 294 446 μείζω
338 393 556 434 Plutarch.
599 390 707 445 Lyc.
750 404 786 428 c.
822 389 898 440 19,
960 385 1158 438 αι’γάσδεο
1200 385 1243 425 in
1284 384 1495 426 cantilena

58 461 270 502 Laconica
311 460 412 509 (vid.
447 459 523 499 Gr.
558 457 609 497 C.
642 456 721 497 ,251
754 462 794 495 et
824 455 954 501 intt.).
1024 454 1084 493 At
1112 468 1328 509 nunquam
1358 459 1423 494 est
1452 451 1496 493 in

60 528 222 581 titulis,
255 543 435 585 quorum
467 525 591 565 etiam
623 523 911 580 antiquiores„
943 527 989 561 ut
1018 521 1180 576 Amph.
1215 520 1347 573 1688,
1378 519 1493 560 tabh.

59 596 232 637 Hei-acl.
268 602 309 636 et
339 595 478 635 Brutt.
511 596 533 640 ζ
561 594 755 644 servant„
793 605 1009 646 nunquam
1038 587 1149 645 apud
1178 587 1498 643 Epicharmum‚

61 662 329 720 Sophronem
358 660 426 702 vel
454 659 757 700 Archimedem
775 689 786 709 ‚
820 656 1004 713 denique
1033 670 1252 712 nunquam
1282 654 1325 694 in
1358 655 1500 711 purio-

59 729 178 770 ribus
219 727 396 770 Doridis
435 727 652 779 fontibns,
699 724 773 783 qui
812 740 982 777 omnes,
1026 723 1246 764 Laconum
1285 729 1326 762 et
1354 720 1500 777 Mega-

58 797 249 837 rensium
279 795 472 836 dialectis
503 793 720 851 exceptis,
762 797 784 841 ζ
811 792 919 833 nihil
949 799 1154 832 mutatum
1184 794 1346 830 tenent.
1421 789 1502 829 Ita-

58 879 142 920 que
175 866 228 904 σδ
253 879 330 920 pro
363 867 383 911 ζ
413 879 436 903 a
466 862 614 918 lyricis
654 868 695 902 et
726 860 931 902 bucolicis
962 859 1100 916 po'etis
1131 857 1333 898 dialectos
1363 855 1502 898 consi-

58 930 118 971 lio
152 930 431 971 miscentibus
462 929 605 987 potius
635 945 658 969 e
688 928 895 969 Lesbiaca
927 927 1134 979 dialecto,
1175 924 1244 966 cui
1273 925 1382 965 hanc
1411 939 1503 964 mu-

59 997 261 1039 tationem
303 997 519 1055 propriam
561 1013 654 1038 csse
690 995 899 1048 vidimus,
946 1001 1209 1051 assumptum
1254 999 1344 1045 est,
1395 1006 1503 1048 quos

60 1064 212 1106 imitati
241 1072 342 1105 sunt
370 1072 545 1122 postca,
595 1064 669 1121 qui
698 1079 847 1121 puram
877 1062 1084 1104 Doridem
1114 1076 1265 1119 parum
1295 1058 1418 1116 gnari
1450 1058 1505 1100 si-

59 1132 290 1174 mulabant.

170 1200 215 1250 2)
273 1199 456 1240 Meliore
489 1199 588 1254 jure
619 1197 857 1239 Dorienses
901 1199 921 1244 ζ·
962 1196 1006 1237 in
1048 1197 1069 1235 ὁ
1108 1202 1271 1236 mutare
1312 1195 1504 1236 referun-

60 1274 131 1308 tur
150 1269 211 1321 2),
243 1267 450 1324 exemplis
482 1265 600 1320 δυγόν
629 1281 707 1322 pro
723 1264 841 1318 ζυγόν
873 1272 914 1305 ct
945 1262 1077 1316 δωμὸς·
1098 1278 1175 1320 pro
1194 1262 1328 1315 ζωμός·
1347 1262 1501 1303 allatis.

63 1334 150 1376 Sed
169 1351 217 1376 ea
234 1335 325 1392 ipsa
345 1342 386 1375 et
397 1333 625 1375 Boeoticae
644 1332 814 1373 dialecti
837 1331 1095 1388 comparatio
1125 1331 1195 1382 (L.
1215 1331 1235 1371 I
1262 1327 1301 1387 ξ.
1320 1331 1390 1381 37)
1420 1329 1505 1387 pri-

60 1418 178 1444 mum
194 1403 364 1455 docent,
388 1401 551 1442 initiale
571 1407 734 1442 tantum
754 1403 777 1448 ζ
792 1400 849 1441 ita
864 1406 1068 1439 mutatum
1088 1414 1205 1452 esse3
1236 1398 1391 1439 deinde
1419 1412 1505 1438 non

61 1470 252 1510 omnium
281 1469 560 1511 Doricnsium
603 1470 803 1525 (quorum
833 1467 1029 1524 plerique
1069 1470 1091 1515 ζ
1130 1465 1290 1523 ubique
1320 1465 1506 1506 retinue-

63 1538 182 1588 runt)
224 1537 261 1577 is
300 1552 392 1577 mos
431 1544 521 1589 cst,
571 1536 647 1577 sed
686 1535 874 1576 solorum
912 1535 1157 1586 Laconum,
1202 1533 1359 1590 quibus
1397 1532 1510 1574 haud

64 1620 200 1661 pauca
229 1619 325 1644 cuin
355 1603 529 1644 Boeotis
559 1602 800 1644 communia
827 1609 940 1643 sunt.
1001 1600 1110 1643 Nam
1141 1607 1184 1641 et
1214 1600 1297 1641 alio
1320 1600 1509 1641 testimo-

65 1671 139 1712 nio
170 1670 279 1718 Λεύς
307 1686 385 1728 pro
418 1671 523 1718 Ζεύς
551 1670 812 1711 Laconicum
851 1684 945 1710 esse
982 1668 1186 1709 discimus
1208 1670 1243 1719 3)
1289 1674 1330 1708 et
1368 1667 1510 1724 ipsum

67 1737 201 1789 δωμός
241 1746 354 1779 certa
391 1737 685 1779 emendatione
726 1737 769 1777 in
807 1735 1021 1778 Laconico
1062 1735 1262 1793 Epilycei
1301 1734 1512 1776 Coralisci

63 1805 303 1861 fragmento
335 1804 678 1862 (vid.Append.)
709 1819 788 1861 pro
820 1802 998 1855 ὃώδεμος
1027 1803 1269 1844 restitutum
1289 1811 1367 1844 cst.
1412 1802 1510 1844 Jam

66 1872 300 1914 Laconicas
339 1873 482 1929 potius
526 1872 722 1913 existimo
762 1887 887 1928 quam
927 1870 1154 1912 Boeoticas
1191 1885 1260 1910 eas
1302 1869 1512 1927 Hesychii

66 1939 260 1996 glossas,
302 1955 409 1996 quae
438 1939 555 1980 illam
586 1938 861 1980 mutationem
893 1954 994 1996 prae
1025 1954 1069 1978 se
1099 1938 1269 1991 ferunt,
1310 1938 1512 1994 quoniam

66 2023 199 2064 pauca
231 2007 433 2049 Boeotica
462 2006 672 2059 servavit,
708 2006 892 2064 plurima
921 2005 1162 2047 Laconica:
1209 2007 1354 2056 ὁᾶλοιι,
1389 2009 1511 2055 ζῆλον

67 2098 122 2104 -
153 2075 291 2129 darem,
323 2077 454 2124 ζητεῖν
482 2099 535 2106 ·-
568 2073 741 2126 ὂάγκλον
770 2074 884 2126 (cod.
919 2073 1159 2127 ὁάγκολον),
1209 2074 1406 2128 δρέπανον
1434 2089 1514 2131 pro

69 2141 253 2195 ζάγκλυν.
330 2142 585 2200 Quanquam
626 2142 669 2182 in
701 2143 779 2184 hac
809 2142 981 2200 quidem
1010 2156 1114 2183 voce
1145 2157 1193 2182 ca
1221 2140 1399 2182 mutatio
1426 2156 1512 2183 non

1489 2331 1514 2338 .-

1499 2342 1515 2352 ‹-

113 2343 149 2383 2)
199 2342 255 2375 Et.
284 2342 333 2375 Μ.
360 2343 448 2383 316,
473 2343 528 2376 56.
567 2341 638 2380 ἕδος
672 2341 772 2387 παρὰ
807 2340 846 2375 τὸ
874 2341 933 2379 ἔξω
958 2342 1046 2377 κατὰ
1072 2343 1204 2390 τροπὴν
1228 2342 1383 2389 Λωρικὴν
1406 2345 1469 2377 τοῦ
1498 2356 1514 2377 ι

1 2400 3 2464 ζ
67 2409 112 2449 εἷς
135 2400 174 2444 ἶ·
207 2407 277 2444 οἷον
301 2407 398 2451 ζυγὸν
422 2409 522 2451 δυγὸν
546 2411 602 2443 καὶ
628 2408 732 2450 ζωμὸς
756 2411 874 2451 δωμός.
926 2412 1121 2446 Praeterea
1146 2424 1188 2446 ea
1211 2412 1408 2446 mutatione
1435 2412 1513 2445 Do-

68 2468 147 2502 rica
183 2469 380 2501 abutuntur
412 2468 640 2511 grammatici
675 2468 720 2501 ad
760 2469 935 2513 pessimas
963 2470 1210 2515 etymologias
1235 2469 1424 2510 tutandas,
1474 2476 1512 2503 ut

3 2561 5 2574 .
70 2525 131 2561 Et.
157 2526 206 2559 M.
233 2527 320 2567 370,
350 2526 400 2558 16.
430 2543 466 2549 -
500 2526 561 2558 411
594 2532 711 2566 extu,
738 2525 800 2558 ubi
826 2526 926 2568 §vyiw
951 2536 1265 2562 commemoratur.
1294 2545 1333 2551 -—
1381 2527 1440 2561 Et.
1466 2527 1511 2561 G.

68 2583 148 2623 271,
172 2584 226 2617 28.
251 2604 285 2609 -
320 2584 401 2624 471,
420 2584 483 2623 39,
509 2581 650 2616 Scholl.
677 2582 722 2614 ΙΙ.
748 2587 789 2625 ῥ’,
815 2584 900 2626 266,
927 2585 1094 2618 Eustath.
1123 2586 1211 2625 223,
1238 2585 1293 2618 25.
1344 2584 1510 2619 Pessime

3 2634 6 2685 ⁴3
67 2639 175 2672 etiam
202 2641 223 2672 ὁ·
246 2639 386 2672 Dorice
411 2639 445 2672 in
475 2638 492 2673 ζ
514 2638 642 2672 mutari
669 2638 805 2673 dicitur
829 2641 885 2675 Et.
912 2643 964 2677 M.
991 2644 1054 2684 22,
1080 2643 1132 2675 47.

5 2718 7 2731 t
115 2698 150 2736 3)
197 2698 289 2730 Ann.
316 2697 414 2730 ΟΧΧ.
449 2696 517 2737 W,
543 2697 627 2736 325,
655 2697 709 2730 24.
759 2696 843 2736 Ζεὺς
874 2699 971 2744 παρὰ
996 2703 1065 2736 τοῖς
1090 2697 1227 2730 Λάκωσι
1255 2697 1340 2736 Λεῦς
1364 2701 1506 2743 λέγεται,

6 2762 7 2800 f
71 2752 117 2785 cf.
144 2753 305 2798 Hesych.
331 2753 434 2792 Asi-c,
460 2753 552 2790 Ζειῗς.
