1779 3079
235 195 336 247 554
640 195 867 245 Addenda
899 205 945 243 et
981 196 1293 262 Corrigenda.

237 335 339 372 sunt
379 337 581 372 testarum
610 329 742 373 Acris
784 330 829 372 in
867 329 1020 374 Sicilia
1058 339 1322 389 repertarum
1361 330 1686 389 inscriptiones,

237 397 290 439 de
320 397 479 455 quibus
509 396 619 438 dixit
649 397 1046 442 Raoul-Rochette
1076 400 1122 441 in
1144 399 1301 441 Museo
1326 399 1538 442 Rhenano
1563 398 1689 444 Wel-

235 466 353 508 cheri
384 473 425 506 et
445 464 601 506 Naehii
631 466 732 508 Vol.
753 467 832 509 IV.
866 485 905 525 p.
925 469 978 511 85
1011 475 1057 509 ut
1077 466 1342 523 Ἀρμαμιτίου
1372 475 1413 509 et
1444 466 1509 508 ἐπ’
1533 468 1687 521 ἱερέως,

235 548 315 574 nec
346 532 491 574 minus
523 533 632 574 aliae
651 566 662 588 ‚
699 551 805 592 quas
837 536 1054 578 Castellus
1084 536 1197 578 inter
1226 536 1534 594 inscriptiones
1568 535 1690 579 Sien-

235 601 300 644 las
333 601 558 658 congessit
587 602 632 643 in
664 602 732 645 Cl.
765 603 868 646 XV.

347 669 476 728 Pag.
513 670 578 712 17.
641 671 784 715 Tituli
815 671 1045 729 Cyrenaici
1088 688 1155 713 nr.
1191 672 1258 714 10.
1294 673 1343 713 11
1386 671 1514 714 etiam
1554 687 1578 714 a
1608 671 1692 715 Le·

234 737 408 780 tronnio
449 737 554 781 editi
594 746 694 781 sunt
732 755 755 781 e
795 739 946 782 Pachii
989 739 1161 782 schedis
1201 741 1247 781 in
1285 743 1432 783 Journ.
1474 741 1548 783 des
1584 741 1687 783 Sav-

238 805 346 849 1828
392 822 434 864 p.
467 806 566 848 264.

346 874 470 930 Pag.
494 874 549 916 29
580 883 688 915 not.
716 874 781 916 10.
847 873 1183 916 Choeroboscus
1213 874 1266 915 ad
1296 872 1466 915 Theod.
1499 874 1578 917 651
1597 906 1609 928 ‚
1639 874 1690 917 16

233 940 412 999 praehet
441 942 636 998 exempla
670 940 838 995 Πάνες,
875 943 1010 995 αἶγες,
1045 942 1193 995 φῶτες.

347 1010 475 1065 Pag.
508 1010 562 1051 33
591 1009 623 1050 l.
656 1009 726 1051 21.
789 1010 899 1067 Leg.
935 1013 1110 1064 κομψῶς
1141 1019 1183 1051 et
1215 1011 1366 1057 ἁπλῶς.

345 1076 475 1133 Pag.
507 1075 563 1118 36
595 1078 626 1119 l.
657 1078 727 1120 29.
788 1078 904 1136 ch.
939 1079 1051 1119 ἐννέα
1081 1086 1124 1120 et
1154 1077 1279 1120 ὀκτώ.

345 1144 469 1201 Pag.
507 1145 560 1188 39
608 1147 638 1188 l.
675 1146 742 1189 10.
823 1146 956 1203 Apud
1002 1146 1256 1189 Alcmanem
1308 1146 1364 1187 fr.
1398 1145 1452 1188 59
1496 1142 1590 1201 (24)
1642 1145 1689 1187 in

233 1212 448 1254 Athenaei
490 1213 616 1256 libris
650 1222 716 1257 est
754 1232 929 1270 χωπαρα
970 1214 999 1256 ἰ.
1032 1231 1070 1257 e.
1105 1218 1173 1255 καὶ
1207 1213 1378 1270 ὀπώρα,
1422 1213 1536 1256 unde
1567 1212 1689 1256 colli-

235 1297 337 1338 gere
368 1281 516 1339 possis
548 1283 747 1325 Lacones
779 1283 920 1336 ὁπάρα
952 1285 1022 1326 vel
1053 1282 1201 1338 ὀπώρα
1233 1282 1413 1325 dixisse.

346 1350 476 1407 Pag.
511 1350 564 1392 39
606 1350 635 1393 l.
669 1352 711 1392 4.
773 1351 882 1392 Item
921 1351 988 1392 ἐπ’
1020 1353 1161 1404 ἱερέως
1204 1360 1269 1393 est
1306 1352 1352 1392 in
1394 1359 1502 1394 testa
1532 1351 1689 1393 Olbiae

232 1425 399 1475 reperta
418 1449 430 1471 ,
462 1434 573 1476 quae
604 1435 691 1461 non
724 1420 869 1462 minus
900 1436 923 1461 a
955 1420 1129 1463 Rhodio
1159 1421 1294 1478 figulo
1324 1420 1434 1462 facta
1465 1427 1532 1462 est
1563 1435 1690 1479 quam

232 1486 442 1529 Acrensis
461 1518 473 1541 9
521 1486 567 1528 in
598 1504 681 1545 qua
712 1488 825 1530 idem
856 1489 1034 1546 legitur.

344 1555 476 1613 Pag.
508 1556 564 1598 40
594 1556 625 1598 1.
657 1557 728 1599 26.
791 1557 912 1615 Lege
945 1557 1048 1599 ὀκτώ
1082 1565 1123 1599 et
1154 1558 1279 1598 ἐννέα.

344 1624 466 1680 Pag.
490 1624 545 1666 49
575 1625 606 1666 l.
630 1625 671 1667 5.
734 1625 862 1668 Adde
893 1625 1085 1680 Ἀβώβας
1117 1627 1137 1667 ὁ
1162 1627 1337 1673 ῪἈδωνις
1371 1624 1447 1666 ὑπὸ
1472 1627 1689 1679 Περγαίων

230 1691 302 1733 Et.
336 1692 398 1733 M.
432 1693 488 1745 4,
520 1692 573 1734 53
606 1701 648 1734 et
678 1694 900 1751 Hesych„
934 1695 1050 1752 qnod
1081 1710 1238 1735 nomen
1270 1694 1356 1734 nisi
1387 1693 1570 1735 dialecto
1601 1709 1688 1735 non

230 1759 450 1801 diversum
491 1776 586 1802 esse
631 1762 683 1803 ab
724 1761 875 1813 Ἠοιής
902 1797 911 1812 ,
973 1771 1020 1804 ut
1061 1761 1272 1819 Panyasis
1316 1761 1536 1818 Hesychio
1579 1769 1688 1803 teste

231 1828 480 1870 Adonidem
511 1831 801 1887 appellaverat
838 1832 1040 1883 (eundem
1072 1831 1149 1873 alii
1177 1829 1305 1883 'Aqug
1334 1838 1375 1871 et
1403 1831 1540 1882 Ἑῷος
1569 1830 1687 1872 dixe-

228 1898 365 1949 aunt),
398 1897 605 1940 indicavit
633 1899 884 1942 Meinelzius
914 1900 1062 1941 Anall.
1098 1898 1255 1941 Alexx.
1289 1915 1333 1955 p.
1352 1898 1450 1940 282.
1496 1898 1686 1941 Descen-

231 1963 295 2005 dit
324 1971 465 2005 autem
497 1966 549 2006 ab
583 1966 696 2019 ἁβώς
727 1968 755 2009 i.
791 1985 828 2010 e.
866 1967 979 2018 daig,-
1028 1968 1104 2009 scd
1134 1968 1268 2009 miror
1296 1967 1476 2008 alterum
1505 1971 1547 2017 13-

342 2032 471 2089 Pag.
497 2032 551 2075 50
584 2050 658 2075 nr.
693 2035 734 2076 6.
795 2036 958 2078 Nescio
989 2053 1043 2077 an
1073 2037 1157 2077 huc
1189 2034 1298 2076 trahi
1329 2034 1499 2091 possint
1522 2034 1686 2074 '‘otau-

233 2116 306 2148 σος
337 2107 378 2142 et
407 2100 602 2150 Βλάσος,
655 2104 869 2160 quomodo
902 2104 1005 2145 Lasi
1037 2102 1372 2144 llermioncnsis
1412 2118 1566 2142 nomen
1607 2101 1683 2144 ali·

231 2167 402 2225 quotics
436 2169 645 2226 scriptum
675 2171 888 2227 reperitur
918 2171 1004 2213 vid.
1035 2170 1311 2211 Schneidew.
1346 2169 1398 2211 de
1430 2170 1546 2212 Laso
1576 2185 1620 2228 p.
1640 2174 1681 2213 6.

343 2236 467 2292 Pag.
501 2238 555 2279 54
588 2237 657 2278 in.
707 2239 847 2281 Valde
877 2239 1170 2280 memorabilis
1201 2246 1266 2279 est
1294 2239 1440 2293 glossa
1471 2238 1683 2295 llesyclnii

235 2302 464 2358 Γελχάνος,
519 2306 539 2346 ὁ
575 2305 680 2354 Ζεὺς
719 2306 832 2362 παρὰ
863 2309 1028 2361 Κρησίν
1069 2306 1186 2361 (cod.
1223 2309 1413 2359 ²t'“5¹'‘.'¹)‚
1465 2322 1595 2363 quim]
1637 2306 1681 2348 in

230 2387 405 2414 nummo
441 2373 646 2416 Phaestio
686 2376 856 2433 legatur
901 2379 1153 2416 L'EAXAffi
1172 2380 1245 2415 ΟΣ
1289 2374 1375 2416 vid.
1422 2375 1578 2417 Bullet.
1612 2374 1682 2417 del

232 2438 339 2480 Inst.
374 2439 507 2482 Arcti.
540 2443 643 2485 1841
676 2461 702 2501 p
732 2444 783 2485 (il
817 2451 857 2485 ct
889 2443 1040 2500 p.l7<'1.
1104 2444 1392 2485 Consti-matur
1422 2443 1523 2484 hinc
1554 2459 1682 2501 quam

230 2507 444 2561 maxime,
502 2515 542 2550 J'
564 2511 679 2569 apud
714 2513 980 2568 llesyehium
1012 2528 1096 2552 non
1130 2512 1185 2553 ita
1217 2527 1293 2568 pro
1324 2511 1537 2568 digamma
1567 2527 1678 2560 csse,

229 2582 276 2616 nt
307 2584 464 2618 mutata
495 2580 788 2634 pronuntiatio
822 2580 1115 2636 significetui-3
1157 2587 1351 2622 recentes
1381 2578 1496 2620 enim
1528 2578 1678 2621 Cretes

231 2643 444 2701 digamma
475 2646 518 2687 in
552 2652 579 2699 ρ’
609 2657 841 2690 mutarunt.

343 2714 467 2771 Pag.
501 2715 552 2756 (il
587 2715 710 2757 init.
770 2716 1027 2770 'slptuuz'ttw
1057 2716 1220 2757 mensis
1251 2725 1316 2758 cst
1347 2716 1390 2757 in
1423 2715 1544 2758 testis
1574 2730 1676 2757 non-

232 2780 365 2822 nullis
398 2781 555 2824 Olbiae
586 2785 794 2841 repertis,
838 2801 946 2841 quac
979 2794 1074 2825 sunt
1109 2784 1352 2827 Rhodiacae
1383 2783 1592 2840 originis,
1636 2790 1678 2825 et
