1818 3108
275 193 389 243 XVI
515 191 658 239 Index
693 191 930 255 siglorum
965 198 1011 236 et
1047 187 1476 237 abbreviationum.

273 333 318 366 H.
346 331 425 365 Ad.
472 330 608 363 Hortus
636 325 827 361 Adonidis.

275 393 440 428 Herod.
467 405 504 426 π.
530 405 567 435 μ.
592 393 623 424 λ.
671 389 903 423 Herodianus
926 393 1007 431 περὶ
1033 386 1209 432 μονῆρους
1231 386 1355 429 λέξεως
1379 386 1437 421 ed.
1461 386 1637 421 Dindors.
1802 360 1805 395 ι

273 459 308 492 J.
338 457 412 491 Gr.
459 455 618 488 Joannes
642 451 905 486 Grammaticus
931 451 968 484 iu
993 450 1109 483 Homo
1134 448 1328 483 Adonidis.

272 523 337 557 Jo.
364 521 427 555 Al.
475 519 635 553 Joanues
660 515 930 551 Alexandrinus
953 518 1035 556 περὶ
1058 511 1172 547 τόνων
1195 512 1251 546 ed.
1277 511 1449 546 Dindorf.
1805 488 1808 549 i

272 586 443 626 Lamps.
495 581 658 614 Marmor
683 579 979 622 Lampsacenum.
1009 575 1081 609 vid.
1108 575 1137 618 ξ.
1163 576 1196 609 2.
1623 565 1628 570 ”
1807 556 1809 562 ¹

273 650 304 682 L
317 660 335 681 e
346 646 398 680 id.
449 642 709 679 Grammaticus
726 639 921 675 Leidensis
938 646 1017 684 post
1036 638 1226 673 Schaeferi
1239 637 1460 682 Gregorium
1473 637 1714 672 corinthium.

270 711 407 746 Lesb.
455 708 718 753 Inscriptiones
743 705 942 739 Lesbiacae
967 704 1003 737 in
1029 704 1137 748 Corp.
1163 703 1277 736 Inscr.

270 776 375 810 Lex.
410 773 462 809 de
497 772 602 818 spir.
662 769 825 804 Lexicon
863 767 908 801 de
945 766 1136 811 spiritibus
1170 773 1253 811 post
1286 765 1518 799 Ammonium
1554 764 1716 801 Valcke-

359 839 465 873 narii.

271 903 453 937 Meerm.
502 897 767 934 Grammaticus
791 895 1110 932 Meermannianus
1134 900 1217 939 post
1241 893 1432 929 Schaeferi
1458 893 1691 938 Gregorium.

269 966 378 1001 Mus.
411 964 551 998 Rhen.
600 960 721 995 Musei
755 958 924 993 Rhenani
955 957 1212 991 Weickeriani
1248 957 1334 992 Vol.
1362 957 1430 992 VI.
1463 956 1566 992 Fasc.
1592 957 1640 990 11.
1679 958 1728 990 et*

360 1030 514 1063 sortasse
537 1027 640 1060 Fasc.
665 1024 757 1066 111.,
783 1023 857 1056 vid.
884 1023 1007 1056 Praef.

268 1096 346 1128 Ox.
395 1090 585 1126 Anecdota
609 1085 836 1122 Oxoniensia
859 1083 1034 1118 Crameri.

268 1158 413 1192 Prisc.
460 1153 674 1189 Priscianus
698 1150 754 1184 ed.
780 1149 911 1183 Krehl.

267 1223 292 1249 Q
354 1218 563 1266 Sapphonis
588 1215 769 1258 reliquiae
794 1213 831 1247 in
856 1211 1086 1257 Appendice.

267 1246 304 1258 k,-

264 1284 441 1321 Scholl.
467 1282 602 1316 Dion.
651 1277 801 1314 Scholia
824 1276 870 1310 ad
896 1275 1312 1322 DionysiumThracem
1338 1276 1375 1311 in
1400 1275 1569 1311 Bekkeri
1595 1278 1712 1312 Auec-

356 1346 464 1381 dotis.

264 1410 403 1445 Seidl.
452 1406 643 1442 Seidlerus
667 1405 705 1439 in
729 1405 825 1439 Mus.
853 1404 970 1438 Rhen.
999 1405 1099 1439 1829.

265 1475 344 1508 Th.
393 1469 612 1506 Theocritus
637 1468 674 1501 in
700 1466 928 1512 Appendice.

266 1537 442 1582 Tryph.
484 1534 594 1568 παθ.
640 1529 725 1572 λεξ.
783 1528 999 1575 Tryphonis
1030 1526 1138 1571 πᾰθη
1172 1526 1295 1569 λέξεως
1340 1528 1377 1562 in
1412 1528 1506 1563 Mus.
1541 1529 1709 1564 Cantabr.

354 1598 442 1634 Vol.
466 1597 495 1630 Ι.

269 1663 415 1701 Vatic.
463 1661 651 1704 Excerpta
675 1668 694 1691 e
719 1655 846 1691 codice
870 1653 1049 1691 Vaticano
1073 1659 1155 1699 post
1181 1653 1403 1697 Gregorium
1426 1654 1625 1690 Schaeseri.
