1779 3079
526 230 602 277 Ad
634 229 844 278 Librum
877 228 1112 276 Primum.
1438 228 1536 277 513

103 376 192 404 non
221 362 428 417 innixus,
473 363 648 406 Comico
678 363 794 405 dedit
833 364 1037 416 (ceterum
1079 361 1236 419 legitur
1279 361 1322 403 in
1371 360 1534 403 Sel-011.

103 428 239 470 Arist.
260 429 345 472 Av.
363 431 467 480 847,
500 447 586 473 non
617 430 729 489 apud
757 428 1090 488 Apollonium),
1131 430 1205 472 sed
1234 428 1350 471 aliud
1378 428 1537 470 certius

104 498 345 554 exemplum
375 498 706 556 praepositionis
736 512 952 555 apocopen
986 512 1070 538 non
1102 512 1249 555 passae
1280 503 1344 538 est
1375 496 1534 553 Sapph.

102 563 157 606 24
188 563 301 617 παρὰ
332 564 378 604 δ’
411 564 559 620 ἔρχεθ’
592 565 695 619 ὥρα.

214 631 340 689 Pag.
377 633 456 674 150
505 649 578 673 nr.
612 632 653 673 3.
729 630 897 672 Censor
947 630 1137 671 Damnst.
1192 631 1398 683 affirmat,
1454 645 1540 670 non

102 704 219 739 recte
249 699 363 755 apud
393 698 674 740 Theocritum
704 697 889 749 XXIX,
920 697 974 739 25
1016 713 1040 738 a
1084 697 1210 738 nobis
1254 700 1352 750 πὲρρ
1400 698 1541 737 cinai&

104 765 308 823 scriptum
347 781 471 819 esse,
531 781 671 823 neque
700 765 814 806 enim
850 764 968 805 illam
1008 763 1261 820 scripturam
1288 763 1542 821 composito-

101 847 195 873 rum
227 840 273 874 ut
308 833 515 887 πέρροχος
557 831 755 889 analogia
788 832 891 872 satis
921 831 1111 873 defendi.
1202 830 1299 871 Non
1332 830 1541 882 meminit,

101 913 154 939 ex
183 900 356 956 antiqua
387 900 646 941 Graecorum
679 899 995 940 consuetudine
1025 897 1397 956 praepositiones,
1439 912 1544 953 quas

101 981 181 1007 nos
211 967 412 1009 dirimere
444 968 630 1009 solemus
649 996 662 1018 ,
721 966 891 1008 easdem
922 965 1180 1007 mutationes
1218 964 1306 1022 pati
1342 972 1468 1021 atque
1499 964 1543 1005 in

101 1034 412 1090 compositione
438 1051 452 1088 3
512 1033 666 1075 deinde
697 1049 782 1074 non
814 1033 1069 1090 perpendit,
1116 1032 1168 1074 dc
1198 1047 1283 1088 quo
1314 1031 1544 1072 admonue-

101 1115 276 1153 ramus,
334 1118 441 1151 κακ,
492 1117 567 1142 ποτ
606 1107 648 1141 et
681 1099 837 1142 similia
877 1116 953 1157 per
992 1115 1037 1141 se
1077 1115 1162 1141 non
1193 1098 1336 1140 minus
1367 1098 1544 1139 barbara

101 1182 198 1208 esse
234 1184 362 1225 quam
402 1184 522 1222 περρ.
612 1168 837 1209 Postremo
882 1173 1124 1222 comparato
1168 1165 1421 1207 Boeoticum
1470 1165 1546 1204 ἐσσ

100 1249 178 1291 pro
208 1236 249 1283 ἐξ
287 1243 384 1277 ante
414 1236 599 1277 vocales.
642 1235 697 1276 L.
731 1235 750 1275 I
791 1237 832 1286 ξ.
864 1234 944 1287 47,
974 1235 1017 1275 4.
1105 1232 1286 1274 Rectius
1319 1231 1545 1289 scripseris

98 1305 378 1355 περραπαλῶ,
435 1304 727 1353 κακκεφαλᾶς,
787 1300 948 1342 ποττόν.
1054 1299 1257 1341 Ceterum
1313 1298 1396 1356 ipsi
1441 1299 1544 1340 olim

99 1369 313 1411 emendati
353 1385 376 1411 a
415 1369 542 1411 nobis
584 1384 732 1411 versus
775 1383 949 1410 sensum
989 1382 1074 1408 non
1115 1375 1228 1408 recte
1273 1366 1545 1407 intellexera-

99 1451 209 1477 mus.
275 1439 390 1490 Πὲρρ
423 1438 566 1478 ἁπαλαῖ
604 1435 801 1488 στύματός
843 1451 886 1476 σε
924 1435 1171 1488 πεδέρχομαι
1213 1441 1277 1475 est
1312 1449 1390 1487 per
1423 1435 1546 1474 molle

100 1507 216 1544 tuum
246 1517 292 1546 os
322 1509 360 1546 te
389 1505 584 1553 obsecro,
630 1510 677 1544 ut
706 1503 807 1556 πέρρ
839 1517 918 1559 pro
949 1502 1048 1553 ὑπὲρ
1080 1500 1265 1558 positum
1299 1501 1384 1552 sit,
1430 1499 1545 1556 quod

101 1585 198 1612 cum
239 1569 344 1624 πρὸς
384 1570 431 1612 in
471 1570 672 1628 precibus
702 1570 905 1611 usitatum
935 1576 1014 1610 est.
1102 1569 1174 1610 Ad
1205 1567 1388 1608 eundem
1421 1582 1544 1607 nsum

101 1645 290 1694 spectare
331 1638 502 1680 videtur
542 1637 815 1695 Hesychiana
859 1636 1003 1692 glossa
1050 1636 1246 1687 περσέ,
1307 1633 1413 1688 πρὸς·
1464 1635 1542 1681 σε’,-

99 1712 266 1747 constat
293 1704 408 1747 enim
441 1720 485 1745 σε
512 1712 610 1762 post
640 1703 999 1762 praepositionem
1030 1702 1165 1744 inseri
1197 1702 1335 1743 solere
1363 1708 1410 1741 ut
1440 1700 1545 1755 πρόὲ,Ι

102 1788 146 1812 σε
175 1775 299 1813 θεῶν.
362 1772 472 1813 Cum
501 1773 579 1814 hac
609 1773 754 1829 glossa
781 1771 977 1813 Roenius
1007 1776 1122 1812 recte
1152 1767 1393 1826 composuit
1422 1783 1543 1820 πρεσ-

101 1838 183 1891 σέ,
246 1838 362 1896 quod
413 1839 528 1897 apud
567 1838 778 1881 Joannem
823 1837 1157 1880 Grammatieum
1200 1843 1242 1877 et
1285 1835 1543 1891 Gregorium

99 1905 205 1958 (vid.
240 1906 281 1959 ἓ.
316 1907 370 1948 12
410 1914 500 1949 not.
531 1907 575 1956 9)
619 1906 846 1948 Aeolicum
887 1920 982 1946 esse
1022 1903 1180 1945 dicitur
1224 1918 1302 1960 pro
1342 1901 1449 1956 πρὸς
1482 1903 1540 1951 σε’,

99 1981 141 2017 et
167 1975 325 2028 πρεσσέ
352 1990 375 2015 e
403 1975 532 2029 περσέ
560 1981 807 2032 corruptum
838 1988 934 2014 csse
966 1970 1211 2028 suspicatus
1242 1977 1322 2011 est.

209 2043 336 2099 Paga
372 2041 452 2083 156
494 2058 569 2082 nr.
601 2042 641 2083 4.
709 2041 761 2082 In
791 2040 920 2081 titulo
949 2037 1080 2080 Delio
1111 2036 1272 2094 legitur
1302 2035 1393 2083 ἅει’,·
1441 2049 1542 2075 con-

97 2118 162 2152 tra
191 2117 304 2151 recte
334 2109 447 2166 apud
477 2108 750 2167 Sapphonem
788 2109 842 2149 fr.
877 2106 933 2149 47
973 2105 1023 2145 c'ii·
1051 2102 1262 2158 πάρθενος
1297 2102 1540 2145 restitutum

100 2193 196 2221 esse
224 2207 236 2229 ,
292 2177 378 2217 nisi
421 2177 536 2233 quod
584 2176 744 2218 rectius
786 2174 914 2217 etiam
956 2170 1239 2229 compositum
1288 2169 1542 2219 οἷὶἂτάρθευος

100 2244 375 2303 agnoscitur,
438 2259 552 2285 nunc
591 2250 765 2300 apparet
804 2258 857 2283 ex
887 2238 1189 2298 Epimerismis
1220 2235 1464 2277 Homericis
1494 2235 1540 2275 in

99 2312 299 2356 Anecdd.
331 2312 453 2352 Parr.
485 2310 551 2352 ΙΙΙ
571 2341 583 2361 ,
614 2310 693 2352 321
715 2340 727 2363 ,
761 2311 814 2352 12
845 2324 966 2366 seqq.
1014 2305 1144 2346 πάντα
1184 2304 1224 2343 δὲ
1262 2301 1311 2341 τὰ
1352 2300 1429 2341 ἀπὸ
1470 2303 1541 2341 τοῦ

102 2380 164 2421 ἀεὶ
195 2379 458 2431 συντιθέμενα
490 2376 558 2418 διὰ
585 2379 657 2426 τῆς
695 2378 730 2417 εἶ
770 2375 998 2429 διφθόγγου
1033 2372 1288 2427 γράφονται,
1340 2369 1425 2409 οἷον
1457 2367 1540 2407 ἀεί-

101 2464 300 2500 μνηστος,
348 2445 594 2499 ἇειγενέτης,
648 2443 926 2498 ἀείφρουρος,
980 2438 1282 2492 ἀειπάρθενος,
1340 2434 1540 2487 ἀειφανής

101 2515 202 2565 πλὴν
229 2517 301 2556 τοῦ
333 2512 479 2559 ἀΐδιος.
567 2511 738 2552 Deinde
768 2509 993 2552 duodecim
1022 2505 1142 2549 vocis
1173 2505 1335 2545 somnae
1367 2518 1538 2544 enume-

101 2590 274 2632 rantur,
308 2581 383 2622 ubi
413 2579 465 2621 de
486 2577 681 2619 Aeolieis
711 2579 835 2620 haec:
881 2578 950 2616 καῖ
981 2575 1046 2615 αἷῖ·
1069 2572 1135 2613 διὰ
1164 2573 1238 2612 τοῦ
1263 2578 1282 2608 ἶ
1311 2568 1425 2623 παρὰ
1454 2570 1539 2616 τοῖς

102 2652 300 2692 Αἰολεῦσι
332 2649 400 2688 καὶ
431 2648 529 2687 αιέἲν
567 2645 671 2700 (leg.
705 2643 802 2700 αἷϊν)
835 2643 1003 2684 σύντονα
1033 2638 1143 2695 παρ’
1172 2637 1323 2684 αὐτοῖς.
1388 2637 1539 2687 ὁμοίως

106 2719 146 2759 δὲ
175 2716 277 2770 παρ’
311 2714 449 2762 αὐτοῖς
489 2715 557 2754 καὶ
597 2712 659 2752 ἅει
700 2711 813 2768 (leg.
850 2708 920 2763 ἄϊ)
964 2707 1188 2761 βαρύτονον
1229 2703 1295 2744 διὰ
1324 2720 1394 2744 του
1421 2704 1440 2740 ἶ
1470 2704 1538 2742 καὶ

107 2786 280 2841 συστολῇ
319 2785 391 2832 τῆς
423 2779 658 2836 ἀρχούσης,
701 2778 740 2826 ἐξ
772 2777 819 2819 οὗ
850 2779 919 2817 καῖ
957 2774 998 2815 τό
1034 2773 1163 2814 ἀΐδιον
1188 2777 1209 2809 ἶ
1239 2770 1439 2826 γράφεται
1469 2770 1537 2808 καὶ

157 2870 215 2911 11.
1223 2856 1276 2897 33
