1779 3079
222 203 316 252 142
760 199 833 245 De
870 195 1129 245 vocalibus.

331 338 494 385 λᾶδος
516 350 595 394 pro
621 336 743 386 λῆὸος
756 334 900 377 Alcm.
928 334 1009 378 118
1023 333 1104 378 W.
1138 341 1245 376 teste
1260 333 1455 376 Eustath,
1480 334 1607 388 1147,
1624 334 1671 388 1,

218 408 294 450 sed
322 405 484 448 rectius
515 410 563 445 ut
590 404 714 461 λῇδος
741 403 800 445 ita
820 404 944 455 λᾷδος
964 402 1123 457 scribi,
1155 402 1280 446 docet
1299 400 1509 460 Hesychii
1530 401 1674 458 glossa

220 477 387 529 λαΐδος,
420 473 567 530 λῇὃος,
598 471 830 528 τριβώνιον.

328 544 444 590 λαΐς
483 555 561 599 pro
590 542 678 590 ληΐς
708 540 869 582 Aesch.
904 538 1025 598 Sept.
1058 539 1169 592 313,
1216 552 1296 580 nec
1327 536 1470 579 minus
1499 551 1579 594 pro
1607 535 1673 578 Io-

216 611 315 654 nico
355 611 475 660 ληΐη,
519 608 668 650 Attico
706 610 791 650 λεία
819 607 1030 650 Doricum
1071 614 1161 649 erat
1204 608 1300 648 λαΐα
1339 612 1382 647 et
1411 610 1675 647 contractum

217 681 311 721 λαιά
342 677 472 719 Pind.
507 675 580 718 Ol.
613 676 705 729 XI,
736 676 792 719 44
833 676 889 718 cf.
922 676 1113 733 Hesych.
1147 676 1263 717 λαίαν
1292 702 1346 708 -
1376 676 1543 723 κτῆσιν·
1578 675 1677 714 Δω-

217 748 322 804 ριεῖς
360 746 477 788 λαῖαν
517 745 582 786 ἐπὶ
622 747 696 795 τῆς
725 745 848 792 λείας.
919 743 1122 785 Dubitari
1151 743 1278 797 licet,
1324 758 1377 784 an
1408 740 1567 783 rectius
1597 738 1676 792 λᾴα

218 815 443 858 scribatur.

329 882 484 924 λάϊον
512 888 555 924 et
584 883 712 933 λᾷον
743 894 822 938 pro
854 877 1002 921 lonico
1035 877 1175 929 λήϊον,
1206 877 1355 919 Attico
1385 879 1504 920 λεῖον.
1563 876 1675 919 Nam

216 952 315 1004 λᾷον
343 950 503 992 rectius
534 948 667 991 scribi
707 962 834 1006 quam
864 947 979 988 λαῖον
1008 946 1273 1005 Apollonius
1296 945 1353 1002 11)
1396 944 1674 1002 gravissimus

216 1025 365 1061 auctor
395 1017 650 1076 persuadet,
694 1030 940 1074 quanquam
969 1021 1012 1056 et
1041 1014 1155 1073 apud
1182 1014 1326 1073 ipsum
1355 1013 1400 1055 in
1434 1013 1674 1072 Sophronis

218 1088 458 1142 fragmento
487 1085 542 1130 85
584 1091 626 1127 et
664 1083 777 1143 apud
805 1083 1086 1125 Theocritum
1116 1082 1187 1138 X,
1220 1084 1261 1126 3.
1292 1083 1362 1126 21.
1394 1083 1450 1126 42
1486 1082 1600 1124 λαῖον
1629 1080 1674 1122 in

217 1153 341 1195 libris
372 1161 452 1195 est.
954 1204 957 1206 ,

329 1220 547 1275 Λαμνός
577 1235 656 1279 pro
685 1219 859 1274 Λημνός·
886 1208 1015 1261 Pihd.

324 1288 482 1331 Λατώ
512 1304 591 1348 pro
620 1287 749 1339 Λητώ
780 1288 943 1346 Amph.
978 1287 1087 1330 1688
1117 1293 1198 1329 etc.

325 1376 353 1412 μ
369 1356 429 1399 άκ
444 1375 506 1399 ων
526 1372 605 1415 pro
628 1355 772 1410 μήκων
787 1356 930 1399 Alcm.
946 1355 1000 1399 56
1011 1355 1120 1409 (17),
1143 1353 1341 1397 Archim.
1356 1354 1493 1395 Aren.
1512 1367 1556 1410 p.
1573 1352 1670 1395 325.

326 1428 492 1480 μᾶλον
520 1441 599 1484 pro
630 1427 780 1480 μῆλον,
813 1424 1010 1467 malum
1043 1423 1243 1480 Theogn.
1271 1422 1385 1465 Oxx.
1415 1421 1484 1475 ll,
1515 1421 1597 1474 91,
1628 1421 1672 1473 3,

216 1494 402 1553 Lysistr.
436 1493 517 1539 155
549 1501 630 1536 etc.

327 1565 537 1613 Μᾶλος,
569 1561 713 1604 Melus
743 1560 886 1603 insula
916 1560 967 1602 C.
1002 1560 1037 1601 1.
1071 1575 1138 1601 nr.
1171 1558 1277 1602 1511
1310 1566 1352 1600 et
1379 1557 1423 1599 in
1452 1558 1578 1599 titulo
1608 1557 1673 1616 ip-

218 1630 309 1673 sius
339 1631 506 1673 insulae
547 1646 614 1672 nr.
647 1630 760 1674 2424
799 1636 926 1687 atque
966 1628 1153 1671 nummis
1192 1625 1362 1667 Mionn.
1407 1625 1562 1684 Suppl.
1606 1626 1671 1668 ΙΙΙ

218 1715 262 1757 p.
292 1699 389 1742 392.

324 1766 424 1820 μάν
439 1801 448 1814 ,
482 1765 733 1822 conjunctio
748 1765 828 1819 μήν
844 1765 1039 1807 Eustath.
1059 1762 1243 1818 691,46,
1267 1762 1417 1820 Epich.
1436 1761 1564 1803 Pind.
1587 1769 1669 1804 etc.

329 1853 356 1888 μ
370 1838 485 1883 ἄνις
516 1849 594 1892 pro
625 1837 744 1888 μῆνις
775 1833 971 1875 Eustath.
999 1833 1042 1885 8,
1067 1832 1150 1886 42,
1181 1830 1333 1872 Tzctz.
1361 1830 1499 1887 Epex.
1533 1830 1604 1881 50,
1624 1830 1669 1877 2.,

219 1901 385 1944 Scholl,
421 1902 472 1944 ad
501 1902 670 1944 Theod.
706 1918 774 1960 ap.
807 1901 942 1942 Bekk.
977 1899 1029 1940 ad
1056 1899 1207 1956 Apoll.
1250 1898 1301 1939 de
1341 1905 1454 1953 synt.
1493 1912 1538 1954 p.
1571 1897 1668 1949 352,

218 1969 347 2011 Pind.
381 1970 512 2026 Pyth.
546 1970 628 2024 IV,
661 1970 767 2024 1593
799 1971 928 2022 μανίω
960 1966 1110 2024 Eurip.
1131 1965 1311 2023 Hippol.
1341 1964 1470 2018 1146,
1501 1964 1671 2017 ἔμμανις

219 2036 337 2079 Cret.
370 2038 496 2080 2555.

327 2104 502 2158 μανύω
534 2118 611 2162 pro
640 2103 781 2155 μηνύω
813 2102 941 2144 Pind.
976 2104 1126 2162 Eurip.

328 2171 602 2226 μαρύομαι
631 2187 710 2229 pro
740 2170 949 2226 μηρύομαι
988 2172 1030 2213 in
1072 2171 1285 2214 cantilena
1324 2169 1522 2228 populari
1552 2170 1665 2212 Poll.

214 2240 281 2294 x,
316 2238 410 2281 125.

267 2454 324 2494 11)
373 2449 500 2495 Apoll.
530 2448 576 2482 de
603 2448 684 2482 adv.
722 2451 810 2489 507,
837 2450 857 2481 8
893 2456 1083 2492 postquam
1118 2448 1216 2482 dixit
1251 2448 1297 2481 de
1328 2446 1444 2492 ῥᾴδιος
1467 2451 1503 2480 et
1526 2447 1624 2490 Λᾷος
1649 2458 1668 2479 e

215 2509 345 2554 ῥαΐδιος
372 2515 407 2542 et
432 2506 542 2544 Λάϊος
567 2507 682 2541 ortis:
720 2507 775 2538 καὶ
801 2505 898 2538 λα”ίον
933 2507 988 2538 καὶ
1023 2506 1107 2539 λα”ία
1132 2507 1188 2539 καὶ
1212 2507 1244 2539 ἰν
1268 2506 1452 2551 σινναιρὲση
1477 2503 1583 2537 πάλιν
1604 2506 1667 2536 τοῦ

215 2567 236 2598 ἆ
266 2567 356 2609 ὶᾷα,
388 2566 454 2603 τίς
479 2578 551 2605 μοι
573 2563 1215 2608 τάλᾷα((“ο(1.λαΐα)ἐκτι’λλει,
1248 2563 1420 2609 Σώφρων,
1455 2564 1513 2595 καὶ
1537 2564 1599 2595 σὺν
1621 2564 1668 2603 τῷ

215 2626 232 2656 ἴ
258 2623 437 2668 γράφεται,
475 2643 513 2649 -
565 2622 729 2657 Eustath.
761 2623 840 2661 193,
866 2623 908 2655 34
937 2621 982 2654 de
1006 2621 1120 2666 λήϊονι
1155 2621 1195 2656 τὸ
1219 2622 1253 2655 δ’
1280 2620 1368 2655 αὐτὸ
1391 2622 1446 2653 καὶ
1471 2619 1567 2652 λάϊον
1590 2621 1666 2652 Am-

217 2684 317 2726 ρικῶς
343 2682 487 2723 λέγεται.
546 2679 598 2714 διὸ
625 2678 766 2713 συνελών
791 2678 807 2711 ὁ
837 2678 1017 2724 (ϋιόκριτος
1046 2682 1141 2713 λαῖον
1166 2678 1252 2714 αὐτὸ
1279 2680 1384 2721 λέγει,
1423 2675 1532 2723 ὥσπερ
1561 2670 1667 2714 αὖθις

216 2737 258 2771 τὰ
287 2738 367 2783 lafita
393 2741 460 2784 ὶῇα
487 2736 618 2782 notar}
646 2739 849 2780 συναίρισις,
889 2737 985 2769 καθὰ
1022 2740 1077 2771 καὶ
1100 2737 1139 2772 τὸ
1165 2739 1294 2781 ληϊδιον
1320 2736 1435 2783 λῄδιον
1458 2742 1525 2769 etc.
1592 2735 1666 2768 Eu-

218 2796 372 2830 »talhius
399 2807 545 2838 quoque
572 2799 655 2840 λᾲυι·
682 2796 839 2830 voluisse
866 2795 1022 2829 fids-nnn
