1779 3079
247 163 278 208 2
677 159 749 203 De
784 153 996 202 dialectis
1031 153 1240 202 Aeolicis

248 291 467 332 Aeolicam
487 287 710 329 dialectum
742 300 948 327 servasse.
1011 284 1263 326 Strabonem
1286 297 1386 325 vero
1416 283 1459 324 in
1489 283 1557 327 his
1586 299 1674 325 non

247 357 444 414 antiquas
490 355 540 394 de
568 352 746 394 Aeolica
790 352 920 409 stirpe
960 359 1001 392 et
1042 351 1223 393 dialecto
1266 350 1544 405 traditiones,
1600 350 1676 392 sed

248 425 459 481 vulgatam
501 420 617 461 illam
648 426 829 476 quatuor
858 419 1133 460 dialectorum
1162 418 1418 459 divisionem
1450 425 1676 475 sequutum

251 507 375 543 esse,
407 490 499 544 ipse
530 486 631 528 satis
662 486 829 544 prodit,
869 502 999 542 quum
1028 486 1173 541 paullo
1203 493 1298 525 ante
1326 493 1387 527 tot
1417 485 1676 526 Graecorum

250 558 384 598 fuisse
415 554 569 611 stirpes
598 554 799 604 affirmat,
832 561 935 609 quot
966 553 1169 593 dialectos
1189 585 1198 599 ,
1230 559 1434 609 quatuor,
1467 550 1674 600 Ionieam,

250 622 460 674 Atticam,
505 620 732 673 Doricam,
778 620 1025 672 Aeolicam,
1070 617 1360 660 Athenienses
1391 625 1562 675 propter
1590 618 1677 658 dia-

252 692 408 731 lectum
438 689 545 729 male
577 687 627 727 ab
659 686 838 728 Ionibus
871 702 1120 744 segregans,
1155 685 1254 726 dnm
1282 685 1534 727 Heraclides
1564 685 1678 726 Pon-

250 757 361 798 ticus
397 756 508 813 apud
536 754 697 795 Athen.
729 752 855 805 XIV,
887 754 968 796 624
999 752 1165 794 cautius
1194 751 1274 793 tria
1301 751 1559 793 Graecorum
1588 752 1677 805 γένη

250 824 414 873 DoreS,
462 822 647 870 Aeetes,
691 821 820 862 Iones
851 819 1094 877 distinguit.
1181 820 1334 877 Neque
1374 827 1487 861 recte
1527 818 1679 860 Strabo

251 891 324 932 illa
353 889 564 932 divisione
605 904 752 930 omnes
782 887 1043 928 Graecorum
1084 886 1239 943 stirpes
1279 896 1319 927 et
1349 883 1551 928 dialectos
1581 902 1680 928 eon-

250 956 376 998 tineri
406 956 602 1012 opinatus
633 962 711 996 est.
773 954 958 1012 Antiqui
988 954 1102 995 enim
1127 954 1389 1011 grammatici
1419 971 1488 995 eas
1519 961 1681 995 tantum

251 1024 451 1065 dialectos
483 1023 757 1079 spectabant,
804 1021 962 1079 quibus
992 1022 1221 1079 scriptores
1261 1022 1330 1062 usi
1359 1028 1527 1073 essent,
1569 1028 1681 1062 cete—

250 1107 342 1142 ras,
388 1105 495 1146 quae
536 1105 622 1131 non
651 1089 880 1146 vigebant,
927 1089 1014 1130 nisi
1053 1089 1097 1129 in
1128 1105 1199 1130 ore
1228 1089 1402 1146 populi,
1447 1104 1533 1129 non
1564 1104 1681 1128 cura—

249 1157 365 1198 bant.
440 1156 560 1208 Nec,
607 1157 642 1197 si
681 1157 950 1209 omittamus,
1000 1171 1281 1213 quaecunque
1312 1172 1333 1196 e
1378 1155 1576 1212 inytliicis
1608 1171 1683 1212 ge—

251 1223 463 1279 nealogiis
493 1223 780 1280 colliguntur,
815 1223 914 1280 quia
944 1222 1016 1263 vix
1043 1223 1275 1279 quidquam
1307 1230 1397 1273 est,
1438 1222 1554 1280 quod
1582 1222 1683 1264 inde

251 1290 399 1347 colligi
429 1298 628 1347 nequeat,
660 1290 786 1341 Elei,
817 1290 1034 1342 Arcades,
1067 1290 1222 1343 Locri,
1254 1290 1522 1340 Phocenses,
1552 1289 1684 1330 Aeto-

248 1357 306 1409 li,
338 1359 601 1405 Acarnanes,
633 1372 820 1414 unquam
851 1363 1015 1412 praeter
1044 1355 1298 1399 Strabonem
1327 1357 1532 1399 Aeolicae
1562 1355 1686 1412 stirpi

251 1424 405 1465 diserte
450 1424 780 1464 adnumerantur
813 1424 881 1465 vel
910 1423 1089 1465 Aeolica
1125 1424 1306 1466 dialecto
1346 1425 1414 1466 usi
1445 1440 1541 1466 esse
1577 1424 1685 1465 refe-

248 1498 411 1532 runtur.
500 1491 686 1544 Contra,
742 1497 789 1531 nt
830 1496 1042 1532 taceamus
1084 1491 1134 1533 de
1177 1493 1421 1534 Arcadibus
1468 1490 1683 1548 Pelasgis,

250 1558 350 1615 quia
380 1557 504 1598 etiam
532 1558 693 1599 Aeoles
723 1557 902 1615 Pelasgi
930 1565 1135 1599 vocantur
1154 1558 1218 1615 3),
1258 1560 1389 1601 Locri
1417 1566 1530 1601 certe
1561 1558 1686 1600 Lele-

251 1640 326 1681 ges
356 1625 622 1666 habebantur
643 1624 705 1680 ⁴),
744 1626 891 1666 Aetoli
924 1626 1028 1666 adeo
1058 1626 1251 1668 Doribus
1279 1628 1610 1669 adnumerantur
1630 1623 1684 1680 ⁵),

249 1707 328 1731 nee
361 1691 503 1732 minus
535 1692 736 1749 Epirotae
765 1693 924 1733 Dorica
954 1693 1135 1735 dialecto
1166 1695 1228 1735 uti
1259 1695 1460 1736 dicuntur
1481 1692 1514 1748 ⁶)
1534 1724 1546 1745 ,
1578 1708 1687 1750 quae

250 1774 375 1815 quam
403 1774 501 1799 vera
533 1760 643 1810 sint,
683 1758 766 1800 alio
795 1759 890 1800 loeo
921 1768 1162 1816 quaeretur.
1230 1761 1358 1803 Nunc
1391 1761 1571 1802 sufficiat
1599 1775 1688 1801 mo·

250 1841 378 1877 nere,
424 1833 466 1867 et
504 1827 549 1868 in
580 1826 784 1867 Eleorum
818 1826 1118 1885 Arcadumque
1150 1827 1345 1870 dialectis
1385 1828 1521 1880 nihil,
1573 1827 1688 1884 quod

251 1892 424 1948 quidem
464 1893 673 1945 sciamus,
718 1892 888 1945 inesse,
930 1909 1006 1934 cur
1034 1894 1239 1936 Aeolicae
1269 1896 1413 1953 potins
1443 1911 1568 1953 quam
1599 1894 1688 1936 Do-

249 1960 360 2001 ricae
408 1959 589 2003 dialeeto
639 1960 995 2014 adnumerentur,
1052 1968 1093 2002 et
1145 1962 1419 2015 PhocenseS,
1475 1962 1686 2019 Delphos,

295 2141 330 2180 3)
381 2140 514 2173 nez-od.
541 2139 638 2184 VII,
664 2144 718 2177 95.
767 2142 887 2178 Strab.
914 2143 960 2178 V.
990 2153 1025 2187 p.
1051 2145 1128 2178 335.

295 2198 332 2235 4)
379 2196 497 2229 Strab.
527 2197 613 2231 Vll.
641 2210 674 2242 p.
704 2201 782 2234 495.
834 2200 945 2233 Dion.
973 2200 1053 2233 Hal.
1080 2201 1116 2242 1,
1146 2202 1198 2235 18.

297 2255 331 2295 5)
379 2251 504 2296 Steph.
533 2253 625 2297 Byz.
653 2266 680 2288 S.
702 2268 734 2290 v,
756 2256 884 2290 '1w2via2
911 2256 943 2289 ἐν
967 2257 1001 2289 ὸὲ
1027 2257 1210 2302 Δωριεῦσνν
1232 2256 1392 2297 Αἰτωλοὶ,
1418 2258 1450 2291 ἐν
1473 2259 1507 2292 δὲ
1531 2258 1690 2293 Αἰολεῦσι

251 2310 411 2348 Βοιωτοὶ,
436 2310 467 2341 ἐν
492 2311 525 2342 δὲ
543 2309 650 2343 Ἴωσιν
670 2311 860 2356 Ἀθηναῖοι.

298 2369 334 2408 6)
383 2367 511 2400 Joann.
552 2366 730 2410 (31:235,
759 2370 804 2402 b:
855 2369 980 2412 Δωρίδι
1011 2373 1161 2412 χρῶνται
1186 2368 1312 2402 Ῥόδιοί
1344 2384 1377 2403 τε
1413 2373 1467 2404 καὶ
1504 2374 1598 2405 Kaio·
1634 2372 1690 2404 καὶ

252 2423 517 2467 Πελοποννήσιοι·
540 2425 596 2456 καὶ
620 2426 760 2468 Κρίσκοο
786 2426 839 2457 καὶ
863 2427 995 2457 Σικελοὶ
1023 2428 1075 2458 καὶ
1101 2425 1225 2467 .,’1ιβι”ες
1259 2429 1310 2459 καὶ
1337 2427 1367 2460 οἱ
1392 2428 1452 2472 τὴν
1476 2429 1612 2473 ἤπειρον·
1634 2430 1688 2459 λε-

253 2482 391 2524 γομένην
414 2479 588 2518 οἰκοῦντες,
614 2491 680 2524 pro
706 2492 778 2523 quo
804 2482 839 2514 in
866 2483 1129 2515 recentioribus
1154 2484 1376 2517 editionibus
1401 2494 1435 2519 et
1455 2486 1517 2519 Gr.
1539 2485 1687 2517 Meerm.

257 2547 292 2579 p.
318 2537 384 2570 012
410 2543 461 2570 est
486 2536 517 2569 οἱ
539 2536 600 2580 τὴν
622 2538 776 2570 παλαιὰν
799 2537 858 2582 ᾓτ.
883 2539 942 2572 οἰκ.
967 2559 1013 2564 —-
1062 2542 1200 2585 Ιίρίσκοι
1234 2540 1270 2573 in
1308 2541 1391 2574 edd.
1419 2552 1509 2574 rece.
1536 2549 1570 2574 et
1592 2539 1688 2584 apud

256 2592 320 2626 Gr.
348 2593 496 2625 Meerm.
524 2594 693 2627 omis-turn
727 2596 870 2638 nescio,
908 2598 1091 2637 quomodo
1118 2599 1301 2632 emendari
1339 2598 1470 2643 possit,
1503 2597 1570 2630 nisi
1598 2595 1689 2629 velis

255 2651 435 2693 Κρισαῖοι,
472 2660 675 2692 quamquam
713 2651 841 2685 mirum
877 2660 929 2685 est
966 2654 1066 2687 urbis
1102 2655 1191 2688 olim
1222 2656 1362 2689 dirutae
1401 2666 1421 2688 a
1454 2653 1688 2699 grammatico

256 2705 469 2739 montionem
499 2705 587 2740 [ieri.
