1779 3079
528 171 694 223 Alcaei
729 171 1017 239 fragmenta.
1395 166 1494 216 243

49 306 210 361 χείμωνι
239 305 456 362 μόχθεντες
484 304 637 360 μεγάλῳ
665 302 796 358 μάλα·

32 386 125 426 περ
154 375 223 426 μὲν
252 374 331 428 γὰρ
363 374 502 423 ἄντλος
533 372 745 415 ι’στοπέδαν
774 369 870 424 ἔχει,

108 441 254 494 λαῖφος
285 442 326 482 δὲ
354 440 434 483 πᾶν
464 439 637 489 ζάὸηλον
666 438 743 489 ἤδη

162 511 231 549 καῖ
256 508 416 556 λάκιδες
443 507 608 561 μέγαλαι
638 504 731 547 κατ’
763 501 877 546 αὗτο.

62 686 118 730 Τὸ
148 689 266 738 δηῦτε
294 688 401 740 κῦμα
428 688 483 740 τῷ
510 686 689 741 προτέρῳ
720 686 808 726 νέον

53 755 224 810 στοίχει,
254 755 420 809 παρέξει
451 753 491 795 δ’
523 754 622 808 ἄμμι
651 752 776 794 πόνον
805 749 926 792 πόλων

107 821 247 873 ἄντλην
276 823 362 863 ἐπεί
388 837 433 864 κε
461 823 562 870 νᾶος
590 821 726 874 ἐμβαί-

159 907 542 940 vn————

690 998 758 1041 12.
792 997 854 1048 (4)

51 1076 144 1117 Nfiv
169 1073 246 1130 χρῆ
277 1072 518 1127 μεθύσθην,
550 1073 621 1113 καί
648 1088 736 1112 τινα
765 1068 870 1124 πρὸς
898 1070 991 1121 βίαν

49 1140 215 1193 πώνην,
247 1140 382 1191 ἐπειδὴ
416 1140 595 1183 κάτθανε
623 1138 858 1192 ΛΗύρσιλος.

690 1246 757 1289 13.
812 1246 837 1287 7

51 1323 299 1381 Μέλαγχρος
328 1322 453 1370 αἴδως
483 1319 597 1370 ἄξιος
626 1320 682 1367 εἷς
709 1243 858 1360 abacia)

680 1428 746 1469 14.
780 1426 871 1479 (10)

51 1505 199 1561 Λόφον
227 1521 269 1547 τε
299 1506 419 1546 σείων
448 1500 651 1555 Κάρικον.

52 1712 138 1747 vide
172 1710 421 1747 Theodosium
455 1717 642 1746 testantem
678 1710 707 1754 ξ.
738 1710 783 1745 26
819 1714 892 1744 not.
928 1711 995 1753 l),
1043 1708 1113 1743 hoc
1146 1718 1271 1742 sensu:
1320 1709 1500 1753 (vides)

50 1770 187 1805 etiam
213 1777 449 1804 ventorum
475 1768 754 1803 seditionem
782 1765 1022 1809 insanire,
1059 1766 1104 1799 cf.
1133 1766 1226 1800 Mus.
1251 1766 1369 1801 Rhen.
1397 1776 1432 1803 et
1455 1768 1502 1802 de

51 1827 231 1872 producto
265 1823 327 1860 οὖν
351 1827 380 1868 §.
408 1827 449 1868 8,
475 1829 514 1868 73
551 1828 584 1861 3.
609 1823 669 1867 οἷν,
696 1824 770 1859 vid.
796 1824 825 1866 §.
853 1825 918 1867 12,
943 1825 985 1867 23
1022 1821 1258 1868 μοχθεῦντες,
1286 1824 1360 1858 vid.
1388 1826 1416 1869 §.
1443 1828 1501 1869 26,

53 1888 116 1927 1ος
152 1886 185 1919 6.
210 1896 302 1929 παρ,
328 1883 425 1926 quod
459 1884 592 1918 retinet
614 1881 932 1925 SchneidewinuS‚
966 1881 1041 1915 vid.
1067 1883 1097 1926 §.
1124 1882 1191 1924 23,
1216 1882 1260 1925 23
1293 1881 1392 1926 πᾶν,
1426 1884 1501 1918 vid.

52 1944 81 1987 §.
106 1943 164 1982 21,
192 1942 223 1975 8.

100 2023 156 2063 ll)
203 2018 245 2055 τι)
277 2017 313 2054 δὲ
339 2013 416 2064 εὖγε
443 2041 483 2047 -
508 2032 753 2064 νεομωστιχει,
789 2018 898 2054 Schn.
924 2030 1003 2053 cum
1028 2017 1200 2055 Seidlero
1223 2017 1298 2053 ταῖν
1321 2023 1505 2066 προτέρων

53 2075 131 2122 ὅμω
157 2081 279 2121 στίχει,
307 2077 370 2111 ubi
395 2088 513 2119 neque
538 2074 613 2122 ὅμω
640 2088 707 2122 pro
733 2077 890 2110 locativo
914 2072 1007 2120 ὁμοῦ
1030 2076 1121 2117 (vid.
1146 2076 1175 2119 ἕ.
1198 2077 1263 2118 29,
1288 2079 1324 2119 3)
1350 2078 1504 2112 Lesbia-

54 2147 133 2170 cum
167 2143 239 2177 est,
272 2145 338 2167 nec
369 2136 478 2174 στίχει
513 2145 579 2178 pro
613 2136 749 2176 στείχει.
822 2133 899 2167 Nos
924 2133 1124 2166 Hermanni
1149 2134 1438 2170 emendationem
1464 2137 1502 2169 in

54 2193 101 2227 D.
126 2193 177 2227 M.
205 2203 239 2237 p.
266 2193 334 2227 688
358 2190 522 2234 sequuti,
555 2191 626 2225 nisi
651 2191 748 2234 quod
784 2201 852 2234 pro
888 2187 1090 2235 δμοστιχεῖ,
1125 2190 1222 2232 quod
1250 2201 1418 2225 versuum
1446 2203 1504 2225 ra-

55 2250 190 2284 tionem
218 2249 335 2282 minus
359 2255 478 2293 aptam
512 2249 691 2293 postulat,
730 2247 898 2281 dedimus
934 2250 1064 2289 ατοίχει
1088 2247 1113 2281 i.
1141 2258 1173 2281 e.
1199 2250 1353 2292 στοιχεῖ,
1387 2259 1505 2282 nova

55 2307 173 2341 unda
207 2307 412 2352 priorem
445 2305 664 2350 deinceps
695 2305 918 2347 sequitur.
955 2305 1000 2338 cf.
1027 2305 1120 2339 Mus.
1157 2304 1276 2338 Rhen.
1312 2325 1354 2331 —
1386 2305 1506 2339 πόνων

55 2362 208 2407 πολλήν;
258 2365 291 2397 3.
317 2367 388 2397 καὶ.
415 2381 455 2387 -
481 2360 669 2406 ἐμβαίνει,
702 2360 811 2396 Schn.
849 2373 928 2396 cum
953 2361 1122 2397 Seidlero
1155 2362 1270 2407 ἐμβᾳ,
1302 2363 1398 2404 quod
1433 2374 1505 2396 non

58 2421 173 2455 minus
197 2419 292 2467 ἐμβῇ
317 2430 396 2454 esse
421 2419 594 2461 debebat,
639 2429 745 2462 quam
776 2417 888 2467 ἐπιβῇ
911 2419 1090 2454 Doricum
1115 2426 1169 2453 est
1206 2418 1243 2451 in
1270 2419 1404 2452 tabulis
1429 2420 1505 2453 He-

58 2476 316 2511 racleensibus.
377 2475 436 2509 De
462 2486 628 2509 versuum
654 2476 823 2510 Alcaicae
859 2477 1030 2521 strophae
1063 2476 1162 2511 tertii
1197 2485 1232 2509 et
1266 2476 1387 2518 quarti
1421 2488 1507 2510 con-

0 2564 1 2573 ,
55 2534 256 2576 junctione,
279 2542 387 2575 quam
411 2531 566 2578 ἐμβαίνη
590 2532 614 2567 i.
640 2543 672 2567 e.
697 2531 850 2580 ἐμβαίνῃ
876 2534 919 2576 (5.
943 2533 999 2576 24,
1024 2534 1062 2573 6)
1086 2531 1282 2567 scribendo
1307 2532 1507 2577 effecimus,

61 2590 106 2623 cf.
132 2590 176 2623 sr.
201 2590 257 2623 24.

0 2691 1 2705 ¹
106 2670 164 2706 12)
211 2667 417 2712 μεθῦσκειν.
446 2687 487 2693 -
512 2669 644 2712 πονεῖν,
672 2669 781 2714 vulgo
807 2681 827 2703 e
848 2667 1024 2715 Stephani
1050 2671 1258 2712 conjectura
1280 2669 1406 2712 πίνειν,
1433 2671 1505 2706 vid.

61 2724 88 2766 ἕ.
112 2726 177 2768 25,
202 2728 218 2759 l
245 2732 279 2760 et
304 2727 396 2760 Mus.
424 2726 543 2760 Rhen.

1165 2788 1240 2829 *15*
