1779 3079
224 184 324 234 282
817 184 856 233 A
861 186 1072 249 ppendix.

226 321 307 364 αἵτε
342 320 501 363 τελέστα
541 321 621 363 αἵτε
663 322 813 376 δᾶμος,
861 323 901 364 ἐν
937 322 1120 379 τῆπιάρῳ
1160 323 1196 364 α’
1227 322 1395 380 ἐνέχοιτο
1433 327 1485 377 τῷ
1511 323 1653 366 ’νταῦί

221 390 448 445 &edwine
467 391 518 444 8)-

218 503 585 517 ,η’-μ

218 578 389 613 samulu
405 588 422 612 s
446 576 667 612 descendere
691 583 857 622 poterant
879 576 1049 622 λατρεῖος,
1075 575 1261 621 λατρειὸω,
1287 589 1380 621 quae
1401 579 1549 613 eandem
1577 579 1653 613 sere

220 636 292 669 vim
330 636 514 670 habereut.
578 635 697 679 Igitur
721 633 920 669 ἄποτίνοιεν
943 633 1117 668 τάλαντον
1140 636 1207 670 Διῒ
1231 634 1499 680 λατρειοῦμενον
1533 636 1652 681 potius

217 692 439 738 interpretor
465 691 707 738 “oa'nscoz'rpsvov
744 692 767 726 i.
801 705 831 727 c.
866 692 1091 726 talentum
1125 693 1340 735 solvant,
1387 693 1510 736 quod
1545 692 1651 727 ,lovi

216 750 461 795 peculiare
485 750 582 786 tiat.
633 750 709 786 Cur
731 760 819 784 vero
844 747 1106 796 λατρηῖώμενον
1130 749 1396 795 scripserimus,
1422 750 1506 784 vide
1533 757 1604 785 not.
1629 753 1652 784 2

216 814 253 843 et
277 809 305 851 §.
330 809 395 851 52,
419 809 453 843 4.

263 875 298 916 7)
347 873 391 907 Β.
419 870 502 915 ταΐ,
535 871 610 905 vid.
640 881 694 904 nr.
720 871 759 916 43
797 870 981 904 duriorem
1016 871 1317 905 constructionem
1350 870 1395 906 τά
1425 869 1562 916 γράφεα
1592 869 1650 915 τᾷ,

214 929 406 972 literas,
440 940 550 972 quae
583 928 660 962 hic
696 928 932 971 leguntur,
979 927 1082 961 rudis
1112 929 1287 963 sermonis
1318 929 1460 963 indoles
1491 936 1648 964 excusat.

213 988 383 1021 Ceterum
408 985 635 1020 Boeckhium
660 992 758 1019 recte
781 983 920 1030 γράφεα
945 996 1011 1030 per
1033 984 1228 1030 γράμματα
1262 987 1535 1031 interpretatum
1559 996 1648 1028 esse,

212 1037 337 1078 nostra
359 1042 583 1086 sequentium
609 1042 862 1087 interpretatio
889 1043 1003 1086 magis
1028 1042 1227 1078 confirmat.

257 1109 293 1147 S)
341 1108 385 1141 Β.
419 1106 495 1141 αἶ’τε
519 1103 633 1150 δᾶμός
657 1103 748 1149 ἔντ’,
783 1104 920 1150 ἐπιάρῳ
945 1103 983 1139 κ’
1009 1104 1159 1148 ἑνέχοιτο
1184 1104 1233 1151 τῷ
1256 1102 1393 1140 ’νταῧτ’
1428 1104 1647 1150 ἕγραμμένῳ,

211 1163 348 1198 multa
373 1173 500 1197 sacra
522 1169 704 1197 tenetor
727 1162 801 1196 hic
823 1163 1012 1208 scripta.
1061 1163 1227 1197 offendit
1251 1163 1287 1196 in
1315 1163 1371 1197 his
1393 1164 1548 1208 primum
1575 1174 1647 1196 vox

208 1219 281 1255 ἐντὶ
307 1227 342 1255 et
366 1221 462 1263 quod
489 1229 588 1254 certe
612 1231 878 1265 supervacanea
902 1228 972 1264 est,
1005 1227 1040 1254 et
1065 1229 1215 1265 propter
1240 1221 1400 1254 formam.
1461 1221 1552 1254 Nam
1576 1219 1647 1254 ἐντὶ

209 1290 280 1323 pro
311 1277 384 1312 ἐστὶ
416 1278 512 1323 apud
537 1278 770 1312 Theocritum
806 1279 939 1322 legitur
972 1285 1006 1312 et
1040 1277 1075 1310 in
1100 1277 1420 1323 Pythagoreorum
1456 1277 1563 1311 libris
1590 1289 1642 1311 re-

208 1335 374 1369 centiore
412 1343 527 1369 aetate
564 1335 727 1380 scriptis,
776 1346 846 1368 non
894 1335 1030 1378 legitur
1063 1335 1159 1380 apud
1194 1335 1418 1378 antiquiores
1449 1335 1647 1380 scriptores

207 1392 388 1436 Doricos,
421 1404 465 1426 ne
489 1392 632 1427 Siculos
663 1392 810 1436 quidem
834 1392 1091 1437 Epicharmum
1122 1399 1157 1426 et
1179 1391 1425 1438 Sophronem,
1458 1403 1577 1436 neque
1609 1393 1645 1426 in

208 1450 296 1484 ullis
321 1450 436 1484 titulis
459 1451 628 1493 Doricis,
661 1457 716 1493 et,
747 1461 855 1493 quum
880 1458 1068 1495 praeterea
1093 1449 1189 1482 omni
1214 1450 1382 1493 analogia
1406 1458 1546 1493 careat,
1586 1460 1643 1483 re-

207 1507 381 1541 centioris
415 1508 578 1541 Dorismi
615 1508 846 1552 corruptelae
880 1507 1007 1541 deberi
1040 1506 1207 1549 videtur,
1238 1514 1276 1541 ut
1305 1504 1545 1542 dvaffeinvwn
1574 1518 1643 1552 pro

206 1562 428 1599 ἅναδείκνυτι
456 1565 492 1599 in
524 1565 633 1600 titulo
656 1565 801 1600 Cretico
825 1565 865 1600 C.
892 1565 920 1600 Ι.
953 1571 1007 1599 nr.
1032 1566 1133 1601 3050.
1205 1564 1352 1599 Deinde
1381 1563 1527 1610 ἕπιάρος
1560 1565 1585 1598 i.
1609 1576 1639 1598 e.

204 1620 345 1666 ἐφιέρος
373 1622 403 1656 si
430 1633 500 1656 non
525 1633 618 1656 nova
642 1634 734 1666 vox,
771 1633 885 1656 novae
909 1630 1006 1656 certe
1036 1622 1318 1667 significationis
1347 1629 1400 1657 est
1423 1633 1541 1665 neque
1566 1623 1642 1665 ejus

206 1680 314 1714 valde
338 1679 553 1724 probabilis.
609 1680 783 1723 Denique
804 1691 876 1713 non
902 1679 1069 1723 ferimus,
1106 1680 1225 1723 quod,
1262 1678 1324 1722 qui
1350 1680 1490 1714 tabulas
1514 1679 1640 1722 laedit,

205 1736 331 1770 eadem
358 1737 468 1771 multa
492 1737 679 1779 multatur,
713 1748 784 1780 qua
807 1738 869 1780 qui
896 1737 1024 1771 foedus
1050 1737 1172 1772 violat.
1221 1733 1433 1771 Boeckhius
1457 1742 1642 1782 comparat

205 1793 305 1828 diras
329 1794 499 1838 Tejorum
524 1795 564 1828 C.
591 1796 618 1829 Ι.
645 1796 753 1838 3044,
780 1795 841 1828 ubi
868 1794 996 1829 iisdem
1023 1794 1114 1828 diris
1139 1794 1386 1837 devoventur,
1412 1794 1476 1836 qui
1501 1794 1640 1828 tabulas

205 1851 374 1885 laeserint
398 1858 433 1885 et
459 1851 522 1894 qui
546 1852 740 1886 civitatem.
788 1855 837 1887 At
860 1853 1061 1886 exsecratio
1086 1855 1182 1895 ejus,
1209 1852 1271 1895 qui
1298 1851 1451 1885 tabulam
1478 1851 1639 1885 laesurus

201 1907 267 1949 sit,
306 1915 409 1952 apta,
447 1919 516 1941 non
543 1916 625 1955 apte
649 1911 759 1944 multa
783 1916 924 1944 centum
949 1910 1163 1944 talentorum
1189 1908 1323 1941 homini
1351 1909 1502 1941 sortasse
1527 1919 1636 1952 egen-

203 1963 342 1997 tissimo
367 1965 562 2009 irrogatur.
611 1967 734 2000 Minus
757 1967 863 2001 etiam
890 1967 1051 2011 placent,
1081 1978 1174 2009 quae
1200 1966 1425 1999 Hei-mannus
1450 1966 1637 2009 excogita-

203 2020 267 2056 vit.
316 2022 436 2056 Quare
467 2033 594 2057 novam
627 2024 960 2069 interpretationem
992 2034 1198 2068 proponere
1230 2022 1306 2056 ausi
1332 2033 1472 2066 sumus,
1510 2021 1548 2057 ἓν
1570 2020 1636 2066 τή-

203 2077 321 2122 πιάρῳ
355 2078 537 2122 legentes,
588 2080 688 2123 quod
721 2092 742 2114 e
773 2079 821 2123 τςῖ
850 2079 984 2124 ἕπιάρῳ
1012 2081 1150 2114 Dorico
1183 2091 1282 2114 more
1307 2087 1425 2114 natum
1458 2087 1634 2125 putamus.

201 2135 283 2169 Jam
308 2146 393 2169 vero
417 2134 564 2182 ἐπιάρος
587 2149 666 2171 cum
689 2138 882 2172 Boeekliio
918 2150 984 2184 pro
1010 2137 1165 2183 ἐφιέρος,
1203 2138 1266 2172 sed
1303 2137 1408 2171 simul
1439 2134 1461 2171 ά
1491 2134 1637 2182 ἐπιάροσ

202 2203 272 2226 non
299 2192 481 2227 diversum
514 2205 592 2228 esse
617 2201 781 2239 putamus
803 2197 848 2229 ab
872 2193 1008 2240 ἕπαριὶ,
1048 2195 1121 2229 vid.
1155 2196 1184 2238 §.
1210 2196 1250 2238 4,
1276 2197 1308 2229 6.
1334 2206 1362 2229 s.
1388 2206 1421 2228 v.
1456 2193 1551 2239 fem,-
1587 2194 1635 2229 de

202 2250 452 2284 terminatione
486 2260 616 2286 mutata
646 2254 852 2288 conseratur
888 2262 1031 2299 praeter
1061 2254 1133 2287 alia
1162 2250 1183 2287 (ἶ
1214 2251 1426 2298 σοῦγγραφος
1456 2252 1492 2286 in
1528 2252 1633 2287 titulo

200 2307 376 2341 Boeotico
403 2309 507 2351 1569,
541 2319 559 2342 a
591 2320 658 2354 pro
689 2310 880 2356 συγγραφή.
935 2312 1107 2346 Formula
1139 2323 1208 2345 non
1235 2311 1307 2344 alia
1332 2318 1440 2353 atque
1464 2309 1500 2343 in
1529 2309 1634 2344 Diris

200 2365 371 2407 'l'ejorum
395 2365 436 2399 C.
461 2366 489 2399 1.
515 2367 624 2410 3044,
648 2369 690 2403 31
716 2367 754 2402 ἐν
775 2366 921 2416 τήπαρῇ
942 2370 1104 2410 ἔχεσθαι,
1140 2368 1316 2403 sententia
1340 2368 1446 2402 haec:
1481 2367 1519 2400 si
1551 2365 1630 2409 qui

201 2421 380 2455 tabulas
423 2423 638 2468 laeserit,
682 2425 1019 2472 deprecatione
1061 2434 1240 2462 tenetur
1278 2437 1351 2469 eo,
1401 2424 1519 2469 quod
1561 2424 1631 2458 hic

200 2478 424 2524 scriptum
449 2487 526 2517 est.
