1779 3079
89 207 129 266 §.
144 208 223 256 50.
251 208 324 254 De
342 204 542 253 Doridis
562 220 797 269 generum
821 212 867 250 et
886 203 1158 266 specierum
1178 201 1378 268 origine.
1429 201 1532 252 429

87 342 237 384 liarem
267 341 405 382 fuisse
436 347 628 392 constat,
659 340 732 381 vix
763 337 853 379 ullo
876 338 977 392 jure
1007 337 1193 380 Doricae
1223 336 1458 391 hahentur,
1493 345 1535 379 ct

88 416 204 451 tanta
244 415 310 450 est
346 408 494 462 illius,
540 408 647 449 adeo
676 407 789 447 inter
817 406 1010 447 confines
1040 406 1225 463 populos
1257 413 1303 446 ut
1333 405 1535 447 Olontios

89 485 132 519 et
160 477 338 530 Latios,
369 476 576 525 varietas,
611 491 720 533 quae
752 473 824 515 vix
855 488 878 513 e
907 473 1126 514 communi
1158 473 1391 530 Spartanae
1422 474 1536 514 colo-

88 545 186 586 niae
215 545 335 586 sonte
366 543 552 585 derivari
590 542 745 600 possit.
820 539 980 581 Contra
1008 556 1120 597 pone
1150 540 1336 582 Graecas
1368 549 1536 598 gentes,

88 628 199 670 quae
231 612 401 654 Cretam
433 618 530 652 ante
559 608 862 666 mig-rationem
891 606 1094 649 Doricam
1125 608 1395 663 habitarunt,
1451 609 1538 650 dia-

87 680 212 722 lectis
251 696 354 722 usas
390 679 527 720 fuisse
568 675 962 734 Peloponnesiacae
999 675 1093 729 illi,
1139 682 1187 716 ut
1225 676 1283 717 ita
1321 677 1538 734 appellare

88 748 241 802 liceat,
273 745 624 804 cognatisshnis,
669 745 805 795 adde,
839 744 1017 785 eandem
1046 743 1098 784 ab
1128 743 1318 785 Achaeis
1352 744 1539 786 Doricae

88 815 303 873 potentiae
334 813 591 857 cedentibus
620 813 782 855 illatam
815 827 940 865 esse,
981 826 1062 852 nec
1093 811 1327 870 quidquam
1360 812 1404 852 in
1438 812 1539 853 Cre-

88 885 269 925 ticarum
301 882 582 924 dialectorum
612 881 778 922 ratione
811 895 898 921 non
929 879 1135 936 explicari
1157 896 1285 937 posse
1305 879 1538 921 videbitur.

91 951 292 993 Ceterum
321 949 527 991 Doricam
560 948 772 990 coloniam
802 956 901 989 ante
928 947 1092 989 Minois
1121 954 1300 989 aetatem
1320 948 1543 1004 Tectapho

90 1019 199 1061 duce
240 1035 293 1060 ex
323 1017 620 1060 Hestiaeotide
661 1017 896 1073 profectam
937 1015 1064 1056 tacite
1105 1030 1202 1057 eum
1236 1015 1432 1057 Hoeekio
1468 1015 1544 1056 da-

87 1086 344 1130 mnavimus.
390 1112 444 1117 —
503 1085 618 1126 Ante
656 1084 938 1126 Tarentinam
986 1084 1201 1125 coloniam
1242 1083 1478 1140 Spartanos
1521 1099 1545 1123 a

89 1155 280 1211 genuina
321 1153 487 1195 Doride
533 1151 809 1201 desaevisse,
870 1151 974 1192 satis
1014 1151 1223 1193 credibile
1268 1160 1348 1193 est.
1425 1150 1546 1203 Quid

89 1239 219 1275 vero,
251 1222 367 1279 quod
389 1221 662 1262 Achaeorum
690 1219 735 1260 in
763 1219 888 1261 ltalia
919 1219 1115 1261 coloniae
1146 1220 1339 1275 ejusdem
1364 1219 1544 1261 Doridis

92 1290 321 1332 severioris
350 1288 583 1346 participes
623 1287 761 1329 fuisse
801 1288 1035 1329 videntur‘.>
1096 1287 1195 1343 quis
1233 1303 1327 1328 cam
1363 1303 1385 1328 a
1417 1287 1545 1345 Spar-

90 1357 201 1399 tanis
241 1364 312 1398 aut
341 1356 594 1398 Tarentinis
635 1362 898 1413 assumptam
939 1371 1082 1413 neque
1113 1355 1386 1397 Achaeorum
1418 1355 1544 1397 Pelo-

91 1425 453 1484 ponnesiaeorum
496 1425 714 1482 propriam
767 1423 906 1465 fuisse
956 1423 1042 1464 sibi
1094 1423 1400 1482 persuaserit?
1485 1423 1548 1464 At

91 1493 259 1535 Achaei
300 1510 352 1534 ex
385 1493 480 1550 ipsa
509 1493 726 1534 Laconica
756 1491 940 1549 profecti
972 1490 1187 1533 mitiorem
1216 1491 1425 1534 Doridem
1454 1490 1546 1532 Me-

86 1562 182 1603 ·lum
219 1569 262 1602 et
289 1561 475 1602 Theram
515 1561 843 1603 transtulerunt.
918 1559 1018 1601 Non
1048 1559 1215 1601 Achaei
1248 1560 1425 1618 opinor,
1471 1559 1548 1601 sed

91 1628 299 1685 Minyae,
359 1645 467 1686 quos
508 1629 620 1670 inter
662 1629 830 1669 Therae
873 1627 1048 1684 quidem
1091 1628 1269 1669 colonos
1312 1627 1548 1685 plurimum

92 1695 279 1738 valuisse
310 1705 492 1739 constat.
560 1697 643 1738 His
674 1696 814 1746 enim,
863 1712 885 1737 e
914 1695 1208 1737 Phocensium
1238 1703 1281 1736 et
1309 1696 1549 1737 Locrorum

92 1763 254 1807 vicinia
284 1764 498 1814 oriundis,
531 1764 744 1806 mitiorem
767 1763 981 1805 Doridem
1007 1763 1265 1805 familiarem
1285 1763 1422 1805 fuisse
1443 1762 1549 1806 satis

0 1826 3 1834 i
47 1837 49 1842 '
93 1832 321 1890 probabile
353 1839 432 1874 est.

208 1899 351 1942 Multo
383 1899 510 1941 etiam
542 1899 679 1956 magis
710 1917 838 1958 quam
860 1901 1059 1959 Spartani
1083 1916 1131 1942 ea
1151 1901 1407 1944 Aetolorum
1432 1916 1551 1958 pars,

97 1983 207 2025 quae
237 1967 491 2009 Heraclidas
524 1976 707 2025 sequuta
740 1969 914 2011 Elidem
946 1968 1202 2026 occupavit,
1254 1969 1434 2027 patriam
1463 1968 1550 2010 dia-

49 2057 51 2061 ·
99 2035 262 2078 lectum
313 2043 502 2078 mutasse
550 2036 735 2078 videtur.
809 2037 919 2079 Nam
961 2037 1155 2079 Eliaeam
1196 2036 1428 2079 dialectum
1466 2052 1553 2078 non

98 2103 152 2145 ab
182 2102 353 2144 Aetolis
384 2103 651 2160 importatam
682 2121 807 2155 esse,
841 2113 1005 2147 certum
1037 2112 1177 2154 esset,
1212 2105 1250 2146 si
1279 2104 1553 2146 Eretrienses

100 2171 240 2229 sigma
270 2170 316 2211 in
345 2171 423 2212 rho
453 2172 648 2214 mutandi
678 2189 841 2215 morem
870 2181 985 2215 recte
1018 2172 1070 2214 ab
1095 2171 1219 2214 Eleis
1248 2172 1417 2214 colonis
1447 2173 1553 2223 (non

8 2242 11 2247 '
51 2294 53 2298 ,
98 2245 197 2297 post
223 2237 552 2280 Heraclidarum
593 2239 796 2297 reditum)
843 2241 1063 2298 accepisse
1102 2240 1372 2282 traderentur
1412 2253 1554 2294 neque

100 2321 149 2348 ca
179 2305 366 2347 narratio
405 2314 580 2363 propter
620 2307 742 2350 illius
780 2309 1030 2351 mutationis
1071 2308 1419 2350 communionem
1458 2306 1554 2346 ficta

52 2382 53 2387 ’
100 2372 239 2416 videri
268 2381 430 2430 posset.
491 2374 578 2415 Vel
617 2375 679 2417 sic
716 2384 858 2419 tamen
889 2393 975 2420 non
1005 2376 1231 2434 probabile
1262 2382 1327 2416 est
1359 2374 1555 2415 Eliaeam

103 2440 361 2495 dialectum,
396 2457 505 2499 quae
537 2442 673 2484 multo
703 2446 841 2502 magis
872 2462 998 2503 quam
1030 2443 1243 2486 Arcadica
1272 2458 1368 2484 cum
1388 2440 1555 2483 Doride

103 2507 384 2567 discrepans,
434 2509 505 2552 vix
542 2510 632 2552 ullo
667 2511 768 2565 jure
794 2513 909 2555 inter
938 2513 1071 2568 hujus
1101 2511 1268 2569 species
1302 2511 1555 2562 referretur,

103 2576 156 2618 ab
195 2577 369 2619 Aetolis
411 2577 687 2619 derivandam
732 2595 851 2634 esse,
899 2581 976 2639 qui
1016 2580 1130 2621 circa
1169 2596 1207 2620 a.
1249 2578 1333 2620 300
1370 2577 1556 2618 mitioris

104 2643 285 2686 Doridis
325 2645 649 2702 septentrionali
692 2647 836 2704 specie
876 2648 945 2689 usi
986 2656 1101 2689 sunt.
1178 2648 1328 2703 Itaque
1364 2644 1556 2687 Eliaeam

107 2711 304 2770 linguam
333 2714 386 2755 ad
415 2713 584 2772 priscos
614 2721 752 2756 terrae
780 2715 973 2769 incolas,
1004 2715 1176 2774 EpeOS,
1209 2728 1475 2756 revocamus.
