1779 3079
201 237 242 297 ᾗ.
273 239 349 287 36.
403 240 477 285 De
504 238 855 301 conjugationis
885 238 1069 286 ratione
1098 239 1363 286 communi.
1414 239 1508 288 291

714 371 756 423 g.
788 370 857 411 36.

289 483 366 513 De
400 481 768 521 conjugationis
800 481 996 511 ratione
1029 484 1294 514 eonnnuni.

157 571 221 631 d)
280 581 463 622 Prima
500 595 735 637 persona
774 578 1024 636 pluralis
1065 579 1518 635 01)]οοῐίνίἰημες

65 648 182 691 exire
222 648 405 690 traditur
427 650 459 698 ¹)
502 655 543 689 et
581 654 734 705 regnat
773 663 820 689 ea
862 646 1108 688 terminatio
1150 649 1238 689 sola
1277 648 1322 688 in
1360 650 1518 692 tabulis

65 716 459 769 Heracleensihus,
491 723 539 757 ut
560 716 824 770 εὑρίσκομες,
859 714 1148 767 κατετάμομες,
1182 715 1408 767 ἑστάσαμες
1433 725 1516 758 etc.

66 785 111 826 in
140 784 275 825 Ther.
307 785 434 826 2448.
458 783 587 836 VIII,
618 782 698 836 20,
733 783 807 824 uhi
839 784 1115 836 ἐμβαλοῦμες,
1149 783 1245 840 Igu.
1276 783 1410 837 2670,
1443 785 1518 825 uhi

66 851 399 904 ἀπεστάλκαμες,
446 851 490 892 in
533 851 650 892 Cret.
685 851 797 894 2557
838 850 1152 906 εὐχαριστῶμες.
1229 850 1389 892 Contra
1428 852 1520 893 vul-

65 919 180 977 garis
223 919 466 961 terminatio
513 935 598 961 non
639 919 781 960 solum
821 926 886 960 est
929 919 972 959 in
1018 917 1190 959 Rhodio
1230 934 1297 960 nr.
1330 918 1440 960 2905
1481 927 1522 960 et

65 987 416 1042 Tejo-Crctieis
448 986 572 1029 3047.
607 987 732 1029 3048.
767 986 892 1028 3049.
927 986 1051 1028 3052.
1087 986 1221 1039 3058,
1269 986 1340 1026 ιιΙ)ἰ
1372 985 1520 1042 lapici-

65 1054 144 1095 dae
186 1056 337 1112 culpae
380 1054 512 1096 tribui
553 1054 717 1112 possit,
767 1053 844 1095 sed
884 1053 1011 1095 etiam
1050 1054 1094 1094 in
1127 1053 1312 1095 Creticis
1343 1053 1521 1108 majoris

66 1121 168 1163 fidei
198 1138 261 1165 nr.
291 1122 430 1176 2555,
472 1122 546 1163 ubi
578 1120 907 1176 ἐπιγράψωμεν,
955 1128 997 1163 et
1027 1137 1093 1162 nr.
1125 1122 1261 1174 2556,
1311 1121 1384 1162 ubi
1417 1124 1523 1162 ἕλοι-

67 1204 151 1241 μεν.
212 1188 386 1230 Deinde
417 1190 463 1230 in
485 1189 738 1247 Epicharmi
771 1189 1026 1245 fragmentis
1057 1188 1219 1246 ubique
1250 1189 1410 1230 Dorica
1440 1196 1522 1229 ter·

66 1256 244 1298 minatio
288 1265 453 1299 servata
498 1266 586 1299 est:
650 1258 705 1298 sr.
739 1257 789 1298 51
830 1257 1053 1308 καλέομες,
1102 1258 1157 1299 82
1200 1255 1520 1310 ἁποπιιοίζομες,

65 1325 372 1379 παρσχίζομες,
405 1325 629 1381 χναύομες,
663 1326 841 1378 ε’πιόμες.
906 1325 1038 1381 Apud
1071 1324 1339 1381 Sophronem
1372 1325 1524 1382 legun-

68 1398 139 1433 tur
186 1393 306 1445 ἴωμες
346 1393 399 1434 fr.
433 1394 513 1447 40,
562 1400 604 1435 et
646 1394 1119 1451 plusquamperfeetum
1158 1394 1524 1446 ἐκεκρατηρίχημες·

68 1460 123 1500 fr.
152 1460 232 1512 71,
275 1476 407 1517 quare
437 1460 700 1513 γινώσκωμεν
731 1463 785 1502 fr.
816 1462 869 1503 83
900 1461 1202 1516 corrigendum
1233 1467 1337 1501 crat.
1393 1460 1526 1517 Apud

68 1527 375 1569 Archimedem
416 1528 557 1570 rarius
590 1529 750 1570 Dorica
788 1528 1034 1570 terminatio
1064 1529 1178 1569 inter
1208 1529 1409 1585 vulgares
1442 1529 1525 1568 sor-

68 1611 161 1636 mas
193 1596 490 1653 conspicitur,
536 1605 583 1638 ut
614 1599 831 1649 zo,ul§oueg
861 1597 913 1637 de
945 1596 1046 1637 Hel.
1090 1611 1131 1652 p.
1165 1597 1273 1648 218,
1321 1598 1527 1647 ὃειξοῧμες

70 1663 124 1705 de
164 1662 347 1705 Conoid.
388 1680 428 1721 p.
462 1664 559 1705 259.
592 1664 688 1705 281.
751 1665 802 1705 ln
833 1663 1102 1720 Lysistratae
1134 1663 1368 1705 Laconicis
1397 1662 1526 1719 parti-

70 1730 155 1771 bus
186 1731 351 1788 ubique
383 1739 447 1772 est
477 1731 686 1772 Doricum
718 1748 809 1783 μες,
853 1739 901 1772 ut
929 1737 1065 1783 ἵκομες
1100 1731 1232 1783 1077,
1265 1730 1526 1781 amomum,-

74 1797 208 1852 1098,
257 1799 454 1850 ὑμνίωμες
499 1799 607 1841 41305
649 1806 760 1852 cte.,
806 1799 909 1840 item
954 1798 999 1838 in
1038 1798 1400 1839 Acharneusibus
1444 1797 1527 1839 716

73 1869 234 1917 ἵκομες,
269 1867 350 1907 717
383 1867 659 1916 διαπεινᾶμες.
721 1866 946 1925 Postremo
977 1866 1020 1906 in
1053 1865 1382 1906 Chelidonismo
1411 1864 1527 1905 Rho-

73 1931 143 1973 dio
174 1932 278 1974 libri
308 1933 516 1990 praebent
548 1933 726 1986 ἀπίωμες
757 1941 798 1974 et
829 1933 1039 1984 ᾳεόοῃιες,
1079 1933 1154 1973 sed
1185 1932 1382 1983 ἐάσομεν,
1419 1934 1527 1972 οἴσο-

71 2016 142 2053 μεν
182 2007 225 2040 et
255 2001 386 2052 ἐσμέν.
461 2000 715 2042 Omittimus
755 2002 898 2042 fontes
942 2016 1090 2057 parum
1132 1999 1354 2056 limpidos.
1430 1999 1527 2040 Jam

73 2067 186 2109 enim
221 2068 325 2109 satis
357 2068 643 2126 intelligitur,
686 2069 789 2110 olim
820 2084 911 2109 cam
946 2068 1292 2109 terminationem
1324 2066 1527 2107 omnihus

73 2134 364 2176 Doriensihus
407 2137 541 2177 solam
584 2136 800 2193 propriam
842 2136 977 2177 fuisse
1008 2143 1048 2176 et
1078 2135 1204 2176 tertio
1237 2135 1405 2175 demum
1438 2150 1526 2174 sae-

74 2203 173 2244 eulo
204 2203 426 2259 vulgarem
456 2204 801 2245 terminationem
839 2204 976 2261 accipi
1007 2211 1199 2260 coeptam
1230 2217 1341 2242 csse.
1404 2200 1528 2241 Cete-

74 2286 170 2311 rum
214 2270 424 2311 Doridem
470 2271 796 2327 antiquissimae
839 2271 1021 2313 rationis
1069 2280 1259 2312 tenacem
1305 2269 1442 2309 fuisse
1488 2276 1529 2308 et

77 2337 297 2379 Sanscrita
329 2346 370 2378 et
399 2337 554 2378 Latina
587 2339 763 2396 linguae
793 2339 973 2387 docent,
1007 2339 1049 2379 in
1084 2338 1244 2394 quihus
1277 2345 1329 2376 tu
1344 2336 1402 2375 da}
1419 2350 1528 2375 mas

76 2413 118 2446 et
147 2420 384 2445 amamus
416 2405 576 2462 primae
609 2415 708 2447 suut
739 2407 975 2463 praesentis
1008 2420 1232 2463 personae.

188 2472 238 2526 2)
296 2472 491 2513 Tertia
523 2489 758 2529 persona
800 2474 1045 2531 pluralis
1077 2481 1383 2528 temporum
1414 2470 1528 2526 pri-

78 2540 371 2582 mariorum
394 2540 429 2591 2)
461 2547 501 2581 et
533 2540 883 2595 conjunctivi
916 2542 967 2581 in
1002 2538 1294 2595 objectivo
1326 2537 1370 2576 in
1394 2538 1529 2577 omni-

129 2695 161 2732 1)
208 2692 394 2726 Choerob.
419 2691 542 2724 Bekk.
573 2692 661 2725 1198
700 2697 736 2724 et
773 2692 867 2724 Ann.
903 2692 1002 2723 Oxx.
1038 2690 1109 2730 lv,
1143 2690 1234 2731 421,
1272 2690 1313 2731 8,
1360 2689 1529 2723 Eustath.

82 2751 191 2792 1892,
214 2751 279 2792 λ16,
317 2749 429 2792 Greg.
461 2749 500 2782 C.
533 2750 608 2783 179.

127 2809 163 2847 2)
213 2807 402 2841 Heracliti.
429 2817 485 2851 ap.
512 2805 673 2840 Eustalh.
703 2807 803 2846 1557,
831 2807 885 2839 36.
938 2807 1007 2841 πᾶς
1042 2802 1170 2843 μέλλων
1199 2805 1352 2841 τοιοῦτος
1379 2804 1434 2836 ἐπὶ
1458 2804 1531 2849 τρί-

1198 2880 1272 2920 19*
