1779 3079
513 197 551 253 ᾗ.
585 198 628 245 5.
698 198 771 243 De
805 195 1060 259 digamma.
1448 189 1511 238 57

78 334 230 382 δάΙῧιος
258 335 369 392 apud
399 335 662 376 Alemanem.
749 332 843 374 Jam
887 332 1044 372 sensim
1087 331 1208 372 litera
1238 328 1413 372 Graecis
1442 345 1495 370 au

78 401 196 443 ribus
227 402 334 444 male
364 418 520 443 sonans
548 400 675 456 abjici
704 406 852 457 coepta
883 406 945 439 est
984 406 1025 438 et
1056 398 1236 454 primum
1268 397 1439 455 quidem
1468 397 1511 437 in

77 469 229 511 mediis
259 470 434 511 vocibus
452 500 464 522 ,
494 468 551 509 ita
581 474 627 508 ut
647 467 736 522 jam
768 466 811 506 in
843 465 1046 506 Hieronis
1077 465 1194 520 galea
1223 468 1281 505 ,J‘l
1308 465 1513 522 seriptum

77 536 134 577 sit
176 544 217 578 et
263 537 306 577 in
352 535 712 593 Amphictyonico
754 534 923 574 decreto
967 548 1003 573 a.
1046 532 1128 574 400
1174 533 1331 589 scripto
1373 548 1426 573 ne
1469 530 1513 572 iu

79 604 218 646 fronte
250 604 420 661 quidem
458 602 760 644 vocabulorum
799 607 1004 642 servetur.
1080 599 1316 656 Aliquanto
1355 599 1514 640 diutius

79 672 190 728 apud
220 672 415 712 Lacones
444 669 713 727 potissimum
743 676 785 710 et
813 674 1015 724 cognatos
1046 667 1234 708 Italiotas
1267 674 1390 723 atque
1414 667 1516 709 Cre-

78 745 220 779 tenses
261 738 421 790 haesit,
480 737 522 778 id
561 737 675 794 quod
716 736 896 777 maxime
937 741 1109 792 apparet
1144 750 1166 775 e
1196 733 1354 775 tabulis
1385 735 1516 776 Hera·

77 805 320 846 elcensibus
360 812 510 862 quarto
550 804 719 846 saeculo
749 811 929 845 exeunte
960 803 1156 844 exaratis0
1234 802 1319 843 Sed
1348 801 1418 843 hic
1447 819 1519 843 ne·

77 887 160 928 quc
190 872 232 913 in
264 873 401 914 media
430 887 533 914 voce
563 887 740 929 usquam
771 871 1034 928 conspicitur
1074 878 1251 927 excepto
1282 869 1519 927 composito

79 940 378 993 ἕγΓηληθΙωντι
407 941 574 993 (contra
601 941 874 992 ‘Hpauaeld'ag
901 955 923 979 a
956 940 1097 992 κλέος,
1132 937 1194 978 niel
1222 945 1264 979 et
1294 938 1398 978 adeo
1427 954 1520 978 πεν-

80 1009 262 1060 ταὲτηρίς
292 1025 313 1048 a
344 1010 492 1056 Ff'rog,
543 1016 589 1049 ut
619 1007 775 1048 ibidem
807 1007 1012 1064 scriptum
1044 1008 1124 1056 est)
1156 1012 1197 1047 ct
1226 1005 1267 1046 in
1299 1005 1519 1046 nonnullis

79 1073 285 1131 stirpibus
315 1075 523 1131 digamma
554 1074 717 1115 initiale
746 1073 942 1125 evanuit,
984 1089 1224 1131 quanquam
1256 1089 1278 1113 e
1309 1072 1520 1114 contrario

80 1142 124 1182 in
155 1145 195 1190 ἐξ
223 1149 264 1182 et
293 1142 491 1184 derivatis
520 1140 783 1200 pleonastice
814 1141 996 1181 additur.

193 1210 326 1267 Apud
354 1210 551 1263 eosdem,
598 1209 673 1267 qui
701 1208 913 1250 severiore
946 1208 1109 1249 Doride
1141 1215 1345 1263 utuntur,
1392 1209 1523 1250 Laeo-

79 1293 183 1331 nes,
215 1276 472 1330 Cretenses,
504 1277 717 1330 Italiotas,
763 1284 978 1335 praeterea
1009 1276 1287 1333 Pamphylios
1319 1283 1361 1318 et
1389 1275 1525 1316 rarius

81 1345 192 1402 apud
222 1345 410 1402 Argivos
440 1352 565 1402 atque
588 1344 881 1401 Syracusanos
911 1360 1035 1401 saepe
1066 1343 1286 1401 antiquum
1318 1344 1528 1400 digamma

83 1413 126 1453 in
154 1413 180 1465 {53
208 1413 325 1454 abiit.
387 1413 671 1470 Reliquorum
701 1412 814 1453 enim
845 1418 1014 1470 praeter
1032 1412 1227 1453 Lacones
1255 1413 1358 1453 haec
1388 1426 1527 1452 exem·

83 1481 152 1538 pla
181 1481 402 1522 habemus.

195 1548 575 1589 Cretensium:
649 1547 837 1601 ἀβέλιος,
897 1550 1018 1600 λαίβα
1068 1546 1179 1603 apud
1233 1545 1529 1603 Hesychium3

87 1615 270 1664 Βλισσήν
301 1614 530 1655 scholiasta
551 1615 782 1656 Homerico
814 1622 920 1656 teste
951 1631 972 1656 a
997 1614 1199 1656 Cretibus
1229 1614 1295 1655 sui
1327 1611 1532 1670 temporis

86 1681 470 1740 pronuntiabatur,
522 1685 829 1734 Βαιναξίρόυλυς
859 1689 901 1723 et
933 1682 1155 1734 Βοινόβιος
1184 1687 1284 1722 sunt
1312 1681 1356 1720 in
1386 1695 1532 1721 recen·

84 1750 199 1790 tibus
244 1748 380 1789 titulis
422 1756 520 1806 post
562 1756 749 1791 nostram
795 1766 932 1791 aeram
974 1750 1161 1807 scriptis.
1247 1748 1473 1789 Praeterea
1511 1746 1535 1798 ᾗ

87 1816 349 1875 pleonastice
382 1816 569 1857 additum
609 1824 674 1859 est
711 1817 754 1858 in
784 1818 941 1875 glossis
973 1810 1258 1874 Hesychianis
1289 1814 1535 1868 ρἀλικιώτας

91 1892 133 1926 et
162 1886 445 1938 βασκαρίζειν.

196 1951 543 1993 Italiotarum
575 1959 639 1993 est
667 1951 844 2005 fidvvag,
875 1952 1208 1994 Tarentinorum
1239 1952 1535 2007 βειλαρμὸστας

88 2028 131 2061 et
160 2022 330 2073 γραιβιά
362 2019 473 2076 apud
504 2019 787 2076 Hesychium.

199 2088 395 2144 Pamph
410 2086 644 2143 yliorum
677 2087 861 2141 ἆβέλιος,
897 2088 1061 2140 ᾳάβος,
1096 2088 1281 2141 ὁρούβω,
1327 2087 1536 2145 Pergaeo-

89 2171 182 2196 rum
215 2154 375 2206 αι’βετός
406 2154 634 2196 Heraclide
667 2162 709 2196 et
737 2156 956 2212 Hesychio
988 2155 1247 2196 auctoribus.

200 2221 536 2277 Argivorum
567 2223 676 2275 ὤβεα
706 2224 819 2281 apud
849 2223 1130 2280 Hesychium.

205 2289 686 2345 Syracusanorum
722 2290 873 2343 ἑβασον
912 2298 954 2331 et
992 2289 1208 2344 ὀλβαχόΐον
1242 2288 1440 2347 pluribus
1479 2296 1539 2329 te·

96 2356 322 2399 stantibus.
382 2355 477 2398 Jam
507 2373 607 2398 vero
637 2358 794 2413 duplex
827 2358 878 2399 de
908 2358 974 2398 his
1005 2357 1151 2415 opinio
1183 2356 1351 2413 concipi
1384 2363 1537 2412 potest,

94 2432 167 2467 aut
196 2424 361 2465 literam
392 2429 418 2476 β
458 2439 564 2465 sono
603 2425 712 2466 nihil
750 2432 909 2466 mutato
947 2425 1129 2466 obsoleti
1168 2425 1378 2480 digamma
1405 2422 1540 2464 vicem

97 2491 369 2548 suscepisse,
427 2497 498 2531 aut
534 2507 632 2532 vere
671 2492 881 2549 digamma
910 2492 1034 2534 etiam
1065 2491 1410 2550 pronuntiatione
1440 2490 1484 2531 in
1516 2496 1542 2543 ρ’

98 2566 304 2600 mutatum
345 2573 455 2599 esse.
530 2558 674 2611 Illam,
722 2560 796 2616 qui
826 2577 965 2618 nuper
991 2561 1042 2601 de
1073 2576 1120 2601 ea
1152 2576 1195 2600 re
1227 2558 1394 2615 loquuti
1424 2566 1539 2607 sunt,

101 2642 249 2667 omnes
299 2625 497 2683 amplecti
538 2626 766 2680 videntur3
825 2628 950 2669 nobis
995 2629 1097 2668 hace
1146 2626 1279 2682 magis
1318 2625 1536 2682 probatur.

102 2693 233 2750 Apud
262 2692 446 2734 Lesbios
476 2692 606 2733 simili
643 2694 767 2735 modo
804 2695 1014 2750 digamma
1043 2701 1139 2734 ante
1169 2692 1331 2734 initiale
1365 2710 1386 2745 ρ
1419 2693 1463 2734 in
1496 2699 1539 2745 «i,

105 2767 200 2819 post
238 2761 403 2802 vocales
444 2760 487 2801 in
530 2778 551 2800 1·
589 2761 741 2802 mutari
780 2761 992 2815 vidimus,
1051 2776 1226 2817 eamque
1265 2760 1537 2802 mutationem
