1779 3079
223 186 318 236 128
756 185 830 232 De
860 183 1121 232 vocalibus.

220 323 332 365 haud
362 322 634 379 ignorarent,
666 335 751 378 quo
780 320 983 362 rusticius
1014 320 1148 362 oratio
1178 326 1363 362 sonaret.
1425 318 1548 361 Adeo
1578 334 1667 361 cre-

219 391 350 432 dibile
382 396 472 443 est,
503 388 804 446 hyperdoricas
835 388 1046 443 ejusmodi
1076 389 1232 429 formas
1263 404 1313 429 eo
1343 395 1550 445 tempore,
1581 401 1667 444 quo

220 458 412 514 vulgaris
465 457 613 513 lingua
657 456 833 514 patriam
880 456 1106 497 dialectum
1150 455 1392 513 opprimere
1437 453 1666 511 coepisset,

221 525 413 583 ipsorum
444 523 722 565 Doriensium
753 523 899 565 oribus
934 524 1029 581 ipso
1058 524 1281 564 Atthidem
1311 521 1498 564 evitandi
1527 520 1668 562 studio

220 600 446 650 usurpatas
477 606 570 633 esse
593 594 643 641 2).
705 590 830 633 Unde
852 592 1008 633 factum
1030 599 1093 633 cst
1108 622 1120 644 ,
1152 598 1199 631 ut
1219 591 1344 632 etiam
1365 589 1507 643 tituli,
1537 603 1669 646 quan-

221 676 347 717 quam
378 659 550 717 puriore
581 658 762 700 dialecto
804 659 867 700 uti
899 659 1062 712 solent,
1110 659 1318 701 nonnulla
1361 657 1456 712 ejus
1495 654 1669 714 generis

218 727 479 784 praebeant,
526 727 789 784 grammatici
829 726 866 767 si
903 742 985 784 qua
1025 727 1180 768 similia
1209 742 1288 784 pro
1319 724 1494 767 Doricis
1524 722 1670 765 vendi-

217 802 335 849 tant,
380 802 452 836 aut
492 810 515 836 e
559 794 698 851 plebis
739 810 811 835 ore
855 800 926 834 aut
967 810 989 835 e
1033 794 1314 852 scriptoribus
1356 790 1669 833 recentioribus

218 864 468 904 hauserunt.
540 861 646 903 Utut
675 869 765 914 est,
812 860 1115 902 Bucolicorum
1155 868 1197 902 ct
1233 859 1669 916 Pseudo-Pythago-

218 946 416 983 reorum,
464 928 539 986 qui
576 928 873 986 hyperdorIeis
915 928 1064 969 formis
1104 934 1291 980 scatent,
1338 927 1383 967 in
1418 928 1500 967 hoc
1530 925 1669 982 capite

219 998 367 1039 nullus
405 1012 508 1037 usus
545 1004 631 1045 est,
680 996 765 1037 nisi
804 995 920 1053 quod
948 995 1171 1037 Theocriti
1200 994 1354 1052 Idyllia
1384 992 1670 1048 Λωρικώτερα

218 1063 421 1117 (l—Xl.
468 1062 765 1104 XIII—XV.
806 1063 980 1115 XVIII)
1025 1063 1271 1119 ubicunque
1312 1062 1486 1118 wilgare
1518 1079 1539 1110 η
1572 1074 1670 1100 cum

218 1131 456 1173 constantia
487 1130 667 1188 quadam
696 1130 908 1185 retinent,
958 1130 1141 1188 aliquam
1172 1131 1299 1171 fidem
1330 1134 1576 1182 merentur,
1623 1126 1670 1167 in

218 1201 328 1241 hanc.
359 1199 473 1241 enim
504 1205 667 1256 partem
697 1198 789 1240 ab
778 1214 872 1256 lpso
915 1203 1041 1255 poeta
1083 1198 1224 1239 minus
1254 1197 1423 1239 videtur
1448 1201 1669 1253 peccatum

217 1282 328 1308 esse.
362 1292 414 1297 ——
458 1266 510 1307 In
541 1266 816 1307 Archimedis
844 1265 998 1319 libris,
1030 1273 1077 1307 ut
1106 1281 1221 1307 nunc
1251 1265 1480 1321 leguntur,
1513 1261 1668 1303 multae

216 1334 416 1391 vulgares
446 1333 607 1375 formae
639 1340 765 1388 sunt,
807 1349 968 1391 paucae
999 1333 1322 1390 hyperdoricae.

328 1401 539 1456 Majorem
577 1400 704 1442 fidem
734 1400 911 1443 Pindari
949 1400 1209 1442 carminibus
1238 1400 1394 1441 habere
1422 1398 1549 1452 lieet,
1593 1397 1669 1456 qui

216 1485 348 1527 quum
389 1469 593 1510 dialectos
630 1468 860 1523 Doricam,
905 1468 1179 1515 Lesbiaeam,
1226 1466 1391 1525 epicam
1430 1465 1667 1520 miscuerit,

215 1537 385 1589 omnia,
433 1552 713 1594 quaecunque
754 1541 779 1576 ἆ
817 1552 896 1594 pro
935 1555 959 1586 η
999 1536 1183 1589 habent,
1227 1551 1250 1577 e
1281 1533 1444 1576 Doride
1474 1532 1668 1575 hausisse

215 1604 452 1647 existimari
480 1610 646 1662 potest,
679 1620 862 1662 quacum
878 1604 1030 1646 Aeolis
1061 1604 1106 1645 in
1136 1605 1217 1645 hoc
1246 1602 1342 1644 loco
1371 1600 1482 1642 nihil
1511 1600 1665 1643 differt.

216 1671 513 1730 Hyperdorica
544 1687 684 1730 neque
715 1676 864 1730 poetae
894 1671 1019 1713 aetati
1049 1671 1310 1713 conveniunt
1338 1676 1404 1723 ct,
1443 1668 1480 1710 si
1509 1683 1592 1726 qua
1621 1667 1667 1709 in

215 1740 340 1781 libris
370 1739 671 1797 reperiuntur,
718 1746 790 1780 aut
818 1739 985 1797 pridem
1016 1738 1202 1780 librariis
1231 1739 1436 1796 imputata
1467 1742 1567 1778 sunt
1596 1744 1668 1777 aut

214 1807 367 1848 iisdem
398 1807 509 1848 infra
540 1806 886 1848 vindicabuntur.
961 1806 1103 1864 Magis
1131 1807 1324 1847 dubitare
1355 1805 1455 1846 licet
1483 1819 1535 1844 an
1568 1802 1666 1844 sub-

215 1874 315 1915 inde
346 1875 539 1916 Ionicum
572 1893 596 1923 η
628 1890 679 1915 ex
710 1874 829 1932 epica
862 1874 1043 1916 dialecto
1073 1874 1296 1926 asciverit,
1337 1888 1445 1930 quac
1475 1870 1665 1928 suspicio

212 1957 292 1982 nec
323 1957 400 1999 per
429 1957 474 1982 se
506 1941 688 1982 absurda
718 1950 783 1982 est
814 1948 855 1982 et
883 1941 1090 1998 exemplis
1121 1940 1340 1981 nonnullis
1371 1939 1663 1991 confirmatur,

211 2009 284 2049 ubi
318 2025 420 2049 usus
452 2009 688 2065 constantia
715 2014 865 2065 poetae
892 2008 1030 2065 ipsius
1060 2025 1232 2049 manum
1262 2013 1482 2048 monstrat.
1550 2006 1664 2047 Rara

211 2083 351 2117 tamen
391 2083 491 2116 sunt
529 2075 654 2127 talia,
704 2084 750 2115 ut
789 2092 874 2116 non
907 2075 1084 2115 nutltum
1117 2074 1295 2116 erraturi
1326 2074 1490 2127 simus,
1541 2072 1578 2114 si
1618 2091 1661 2122 η,

213 2143 460 2200 ubicunque
493 2158 514 2183 a
535 2142 723 2183 Pindaro
750 2150 942 2184 servatur
971 2158 1108 2200 neque
1139 2142 1310 2183 aliunde
1341 2141 1421 2182 alia
1450 2147 1662 2192 coustant,

212 2209 369 2252 Doridi
416 2210 691 2251 ascribamus.
772 2210 1055 2267 Reliquorum
1098 2210 1327 2267 lyricorum
1372 2208 1578 2265 reliquiae
1623 2215 1664 2249 et

212 2277 522 2335 tragoediarum
557 2278 717 2319 cantica
749 2277 1043 2335 hyper-doricis
1085 2277 1335 2318 commentis
1366 2276 1582 2317 rarissime
1613 2274 1662 2315 li-

211 2345 481 2397 brariorum,
513 2345 684 2402 saepius
717 2345 924 2386 editorum
958 2361 1084 2402 prava
1115 2344 1337 2385 sedulitate
1370 2351 1514 2384 ornata
1546 2349 1659 2383 sunt.

215 2413 270 2455 Et
302 2414 452 2454 horum
483 2413 654 2471 quidem
687 2413 903 2454 erroribus
933 2413 1105 2453 silentio
1137 2411 1397 2452 transmissis
1426 2410 1538 2451 liaud
1568 2424 1663 2450 raro

259 2584 295 2622 2)
346 2582 427 2615 Non
455 2581 565 2614 aliter
591 2592 676 2623 eos,
728 2582 790 2624 qui
819 2582 966 2614 §au-ic.»
1006 2582 1180 2614 idiomate
1207 2588 1374 2615 utuntur,
1424 2589 1518 2611 nnnc
1554 2588 1663 2621 saepe

217 2639 496 2683 pronuntiantes
522 2638 711 2672 audiveris
744 2641 798 2671 de!
831 2643 944 2672 atreus
973 2640 993 2672 i.
1023 2653 1051 2671 υ.
1078 2641 1140 2671 (1ιέ
1168 2638 1331 2674 munds,
1372 2637 1501 2669 literae
1532 2645 1548 2667 s
1586 2644 1660 2666 mu·

217 2697 352 2729 tatione
386 2696 530 2730 Sassi‹·a
566 2697 661 2729 male
687 2705 718 2730 ct
748 2697 1002 2741 hyfuwsassise
1028 2697 1070 2729 ad
1101 2695 1254 2738 genitivi
1285 2694 1572 2728 terminationem
1599 2690 1662 2723 ad-

217 2753 343 2786 hibita.
