1779 3079
200 184 298 233 584
599 183 823 231 Addcnda
863 193 905 230 et
943 185 1253 250 Corrigenda.

203 322 378 364 Eliacac
427 323 612 365 similem
657 322 813 380 prodit.
890 322 939 362 In
987 321 1368 380 Cephalcuico
1419 325 1537 366 Add.
1583 341 1650 366 nr.

203 391 312 433 1930
343 392 374 431 s.
408 392 590 432 fortasse
622 399 687 432 est
717 393 839 431 ναῦτα
870 405 948 447 pro
980 390 1126 440 ναύτης
1162 399 1209 432 ut
1246 392 1290 433 in
1322 392 1530 435 Eleorum
1562 393 1652 435 foe-

203 460 304 501 dere
343 475 409 500 nr.
451 461 501 500 11
542 459 718 500 τελέστα.
782 486 833 491 ——
900 458 949 499 ln
990 458 1377 502 Chalcedonio
1415 477 1482 502 nr.
1525 461 1652 510 3794,

201 543 328 584 quem
359 544 381 568 e
412 526 619 583 Caylusio
648 526 872 584 cognitum
902 527 1218 581 habueramus,
1247 527 1300 569 Β.
1330 528 1506 585 corrigit
1539 530 1655 569 αἰσυ-

203 598 377 647 μνῶντες
407 611 483 652 pro
516 597 803 648 αι’σιμυῶιιτες,
836 603 884 636 ut
914 612 992 637 nos
1024 612 1196 653 quoque
1226 596 1447 639 voluimus
1477 613 1521 655 p.
1556 596 1654 647 123,

203 663 279 703 sed
312 681 326 703 ι
355 679 442 704 non
473 679 652 720 prorsus
682 663 865 705 damnat.
915 663 1045 717 Quod
1075 664 1189 706 idem
1220 664 1265 705 in
1296 664 1490 706 tribuum
1520 663 1656 706 nomi·

201 731 333 772 nibus
367 731 590 781 Πολητήας
628 739 670 772 et
705 731 942 780 Ἵππωνήας
980 733 1011 772 1.
1044 733 1086 773 9.
1120 733 1170 773 11
1210 751 1235 782 η
1278 749 1355 790 pro
1395 749 1427 773 ει
1466 731 1657 790 positum

200 815 297 840 csse
329 807 371 840 ct
400 799 511 841 illud
541 815 698 841 nomen
731 816 752 840 e
783 801 962 839 πολιτεία
993 806 1138 839 natum
1169 800 1412 853 existimat,
1450 799 1523 841 vix
1559 814 1657 857 pro-

200 867 294 909 bari
332 875 501 926 potest,
546 883 625 908 nec
664 867 803 922 magis
844 866 960 923 quod
997 867 1028 907 1.
1062 866 1115 909 18
1154 866 1498 924 patronymicum
1526 873 1658 907 Meus-

201 935 391 988 κράτειος
423 935 705 993 agnoscit.—
736 934 1025 976 Theraeus
1058 950 1124 975 nr.
1155 935 1267 977 2465
1298 935 1328 975 f.
1350 966 1362 988 ,
1397 935 1440 975 in
1473 949 1558 991 quo
1587 933 1659 975 vix

200 1020 347 1045 verum
389 1012 455 1045 cst
494 1000 612 1057 οὖροι
641 1005 716 1056 γᾶς
756 1005 815 1053 (v.
849 1003 879 1044 1.
921 1001 1172 1056 Θυροίτας),
1221 1018 1353 1060 quum
1385 1001 1528 1044 Dorcs
1560 1001 1661 1054 ὅρος

201 1071 404 1112 dixerint.
489 1070 692 1112 Ceterum
738 1071 949 1112 dialectus
993 1070 1188 1128 impura,
1249 1078 1296 1111 ut
1341 1071 1540 1124 qae'povmv
1581 1085 1660 1127 pro

200 1141 380 1192 φέροντι.
427 1166 481 1171 -—-
533 1140 585 1180 In
626 1145 882 1180 testamento
923 1138 1148 1196 Epictetae
1188 1155 1254 1179 nr.
1297 1139 1424 1181 2448.
1465 1138 1545 1179 VI.
1590 1138 1661 1191 12,

198 1207 394 1261 πάρακα,
437 1207 555 1264 quod
583 1205 830 1249 Meinclzius
872 1207 919 1248 in
959 1206 1317 1267 ssdpwzanmtari
1341 1207 1560 1262 jusserat,
1604 1205 1657 1246 Β.

199 1291 316 1316 nunc
348 1275 405 1316 ita
438 1283 599 1316 tutatur
632 1283 677 1315 ut
699 1293 727 1314 π
752 1275 808 1316 sit
837 1291 915 1332 pro
938 1280 965 1327 β
987 1275 1202 1332 quomodo
1226 1274 1373 1323 Πύζας
1400 1290 1478 1332 pro
1501 1273 1660 1322 Βύζας.

200 1345 258 1385 Et
300 1343 427 1385 audio
465 1343 510 1383 in
553 1343 741 1384 nummis
782 1343 987 1400 Byzantii
1031 1347 1135 1391 Πυζ.
1178 1342 1282 1400 legi.
1326 1367 1378 1373 -
1424 1343 1662 1398 Astypa-

198 1411 452 1455 lacensis
483 1411 600 1452 Add.
639 1427 705 1451 nr.
738 1411 866 1465 2491,
899 1427 938 1464 c,
974 1410 1049 1451 ubi
1079 1411 1352 1466 ἱαρασαμένα.
1378 1436 1430 1441 —-
1450 1410 1501 1451 In
1533 1409 1662 1451 titulo

199 1480 426 1521 Rhodio
456 1479 596 1532 2525,
630 1480 656 1520 h
709 1479 740 1520 l.
773 1479 829 1521 00
854 1495 931 1535 pro
965 1479 1028 1519 ὅτε
1058 1479 1103 1518 δέ
1130 1496 1205 1527 κα,
1250 1478 1368 1536 quod
1398 1478 1542 1519 minus
1572 1477 1664 1518 Do-

198 1548 336 1589 ricum
368 1556 433 1588 est
462 1547 549 1589 vid.
584 1548 637 1588 L.
664 1547 722 1588 II.
757 1563 800 1604 p.
825 1547 934 1598 377,
966 1561 1081 1588 nunc
1112 1563 1164 1588 ex
1195 1547 1461 1587 accuratiore
1486 1544 1664 1586 Franzii

199 1617 447 1673 apographo
492 1615 553 1657 ὅτι
595 1617 641 1655 ὸέ
682 1633 734 1655 κα
776 1615 865 1672 legi
904 1615 1096 1670 jubetur.
1167 1614 1354 1656 Accedit
1391 1613 1663 1656 Rhodiorum

205 1685 426 1725 decretum
466 1684 519 1725 ad
563 1684 809 1741 Cyzicenos
850 1699 918 1724 nr.
958 1682 1096 1735 3656,
1137 1682 1212 1723 ubi
1250 1681 1440 1724 notabile
1473 1689 1563 1734 est,
1605 1679 1664 1721 ἐπ’

198 1754 340 1805 ἱερέως
371 1751 442 1806 (Β.
475 1767 562 1792 non
592 1759 708 1793 reete
740 1751 920 1808 corrigit
950 1750 1036 1805 ἐπί)
1067 1751 1123 1792 cf.
1158 1767 1200 1808 p.
1236 1751 1301 1793 39.
1334 1750 1442 1803 554,
1470 1757 1513 1791 ct
1543 1749 1575 1791 l.
1610 1749 1662 1790 15

200 1817 356 1869 εὖντας,
391 1820 507 1877 quod
531 1835 617 1860 non
641 1819 846 1861 audemus
871 1836 969 1861 cum
988 1819 1210 1861 Boechhio
1237 1819 1282 1859 iu
1306 1818 1446 1866 ἐόντας
1470 1825 1663 1870 mutare,

200 1888 357 1930 deinde
388 1887 698 1944 inscriptiones
730 1904 931 1930 vasorum
962 1886 1161 1929 fictilium
1187 1887 1345 1928 Olbiae
1376 1894 1664 1944 repertorum,

200 1971 384 2012 quorum
419 1956 470 1996 de
502 1956 672 2013 origine
699 1956 921 1998 Rhodiaca
953 1955 1143 1997 diximus
1166 1972 1210 2012 p.
1238 1955 1350 1996 553:
1385 1970 1451 1994 nr.
1470 1951 1599 2005 2085,
1629 1953 1661 1993 l.

201 2024 266 2071 (in
311 2024 487 2065 sinistra
529 2031 595 2063 cst
634 2032 763 2080 caput
802 2024 1041 2075 radiatum,
1084 2023 1201 2080 quod
1243 2021 1361 2063 Solis
1391 2019 1664 2061 Rhodiorum

201 2091 270 2133 dci
302 2108 397 2133 esse
429 2091 648 2141 existimo)
689 2093 753 2131 ἐπι
791 2091 1076 2143 Ξενοφάνης,
1119 2106 1185 2130 nr.
1219 2088 1349 2139 2085,
1381 2103 1423 2127 m
1463 2086 1667 2142 Ἀριστο-

200 2160 397 2212 κράτευς,
442 2159 518 2218 qui
558 2159 675 2200 tituli
716 2159 852 2200 aciem
893 2166 1083 2199 nostram
1124 2158 1353 2215 fugerant,
1396 2164 1438 2196 et
1466 2154 1585 2196 Add.
1618 2171 1662 2213 p.

201 2227 314 2270 1000
357 2244 422 2268 nr.
474 2228 499 2255 ⁶)
546 2226 872 2279 Δαιιοκράτευς,
920 2242 986 2266 nr.
1034 2224 1532 2274 55:12’A....0÷m0<;
1574 2223 1662 2279 leg.

200 2294 543 2350 Αριστοθέμιος
564 2320 615 2326 -
641 2294 862 2336 Cretici
893 2293 1049 2334 tituli
1039 2309 1083 2333 111
1107 2292 1338 2334 Addendis
1361 2299 1663 2333 accesserunt·

200 2363 369 2405 Judicii
401 2364 453 2405 de
485 2363 646 2404 finibus
677 2363 986 2404 Itaniorum
1018 2369 1059 2402 ct
1089 2359 1592 2416 Hierapytniorum
1623 2374 1663 2399 a.

201 2430 387 2473 58—57
427 2447 464 2471 a.
515 2430 617 2472 Chr.
659 2430 735 2471 lati
776 2447 841 2471 nr.
879 2430 1014 2482 2561,
1047 2429 1073 2469 1)
1114 2445 1211 2486 pars
1250 2444 1303 2469 cx
1345 2426 1665 2484 antiquioribus

202 2500 351 2540 finium
391 2499 504 2540 inter
544 2498 882 2555 Hierapytnios,
926 2497 1116 2549 Itanios,
1161 2495 1419 2552 Dragmios,
1462 2493 1667 2536 Praesios

203 2566 570 2624 descriptionibus
610 2566 742 2624 petita
781 2567 812 2607 1.
847 2564 1029 2607 58-66
1061 2564 1228 2606 Doride
1265 2564 1481 2606 severiore
1512 2562 1663 2603 utitur.

204 2635 292 2677 Ubi
332 2651 419 2676 non
460 2635 590 2676 eredo
628 2637 787 2675 ΩΡΟ]
821 2641 935 2674 recte
974 2648 1052 2690 pro
1085 2629 1189 2686 ὧροι
1221 2632 1249 2673 i.
1284 2648 1322 2673 c.
1359 2627 1479 2684 οὖροι
1509 2629 1664 2686 accipi,

204 2720 335 2760 quum
367 2703 612 2744 Dorienses
645 2703 737 2755 ὅροι
770 2701 960 2743 dixerint
991 2710 1063 2742 aut
1095 2701 1211 2755 ὅροι,
1256 2709 1301 2741 ut
1333 2707 1399 2741 est
1430 2698 1473 2739 in
1505 2697 1668 2738 tabulis

205 2771 600 2825 Heracleensibus,
645 2770 720 2812 scd
760 2770 864 2824 ὧροι
904 2769 1015 2810 crasi
1057 2785 1109 2810 ex
1141 2772 1177 2810 οἱ
1212 2769 1305 2823 ὅροι
1345 2768 1504 2808 sactum
1535 2773 1668 2823 puto,
