1779 3079
226 213 267 271 ᾗ.
290 212 370 261 36.
425 215 496 260 De
532 214 882 278 conjugationis
911 214 1095 262 ratione
1117 216 1381 262 communi.
1442 215 1540 264 293

201 349 299 391 Non
331 351 474 390 minus
506 351 550 391 iu
583 349 871 407 scriptoribus
903 367 1005 407 pura
1029 351 1194 394 Doride
1227 354 1315 396 usis
1336 355 1541 412 pleraque

32 418 33 422 ’
88 423 203 459 recte
246 434 268 458 a
307 417 497 459 librariis
537 418 688 460 tradita
736 425 858 458 sunt:
920 419 1076 474 Epich.
1113 420 1137 461 5
1178 421 1443 474 γινώσκοντι,
1487 423 1540 464 25

88 484 362 537 λαμβάνοντι,
398 486 449 528 19
484 488 620 533 Mun,
664 483 718 525 26
751 486 906 537 ἴσαντι,
950 501 1080 543 quum
1111 489 1364 545 corrigenda
1396 498 1540 531 essent

88 552 317 604 εὑρήσουσι
345 554 426 605 92,
458 556 662 593 πωλοῦσιν
697 552 804 605 1203
838 552 993 609 Sophr.
1020 554 1073 593 44
1104 557 1354 606 βαλλίζοντι,
1391 557 1457 598 52.
1485 558 1538 599 54

88 621 190 671 ἐντί,
225 622 294 663 33.
318 621 372 662 44
405 622 547 672 φαντί,
583 620 632 661 51
666 619 902 674 κεχάναντι,
936 619 989 661 75
1021 621 1316 672 ἕκπεᾳάναντι,
1351 625 1426 665 scd
1448 640 1538 666 col·-

85 695 209 745 rupta
252 688 501 736 κυπτάζοοσι
533 687 614 740 43,
662 689 742 727 εἰσί
774 688 879 741 1003
940 689 1053 745 apud
1096 690 1401 732 Archimedem
1444 709 1538 733 raro

86 755 282 811 vulgares
304 756 466 797 formae
490 755 664 796 Doricis
696 756 969 797 intermixtae
1001 765 1122 806 sunt,
1155 765 1203 798 ut
1230 757 1538 812 ἀποδεὸ“ει’χασιν

85 822 137 863 de
170 822 333 875 Quadr.
367 840 410 881 p.
441 824 513 877 18,
551 823 898 865 ἁντιπῦπόνθασιν
929 824 980 865 de
1013 824 1198 866 Conoid.
1233 842 1274 882 p.
1308 825 1404 867 260.
1453 826 1538 867 De-

84 890 216 948 nique
257 892 377 932 nulla
415 891 457 932 in
501 908 545 931 re
592 908 740 932 omnes
776 891 953 932 Doridis
1002 892 1172 946 sontes,
1235 892 1309 950 qui
1351 893 1538 950 aliquam

84 958 210 1000 fidem
239 967 484 1011 merentur,
519 959 672 1000 melius
704 959 953 1000 concinunt.
1017 959 1234 1012 Quamdiu
1261 960 1420 1001 Dorica
1451 961 1537 1002 dia-

84 1026 252 1080 lectus,
300 1043 408 1085 quae
451 1027 623 1085 quidem
663 1043 712 1068 eo
753 1027 925 1068 nomine
965 1026 1112 1084 aliquo
1149 1027 1249 1082 jure
1281 1029 1534 1085 appellatur,

81 1094 281 1150 vigebat,
314 1096 417 1135 haec
449 1095 692 1136 terminatio
727 1094 770 1135 in
802 1095 1022 1151 vulgarem
1057 1111 1143 1136 non
1165 1094 1286 1136 abiit.
1335 1095 1536 1137 Ceterum

83 1177 169 1202 non
201 1162 340 1202 minus
372 1179 496 1219 quam
531 1161 725 1218 vulgaris
762 1161 960 1203 elisionis
1002 1161 1172 1218 patiens
1215 1169 1329 1215 crat,
1377 1170 1423 1204 ut
1463 1181 1535 1203 κα-

82 1229 220 1270 λέονθ’
252 1237 293 1270 et
325 1229 407 1269 ἔντ’
444 1229 597 1287 Epich.
630 1230 708 1277 23,
753 1245 892 1287 neque
923 1229 1184 1270 Theocritus
1218 1230 1417 1271 elisionis
1449 1231 1535 1272 evi-

82 1297 232 1338 tandae
262 1298 405 1355 legem
436 1298 543 1350 (vid.
577 1297 766 1339 Meinelz.
800 1314 844 1355 p.
878 1297 959 1343 Vl)
1000 1297 1052 1338 ab
1086 1297 1194 1354 ipsis
1226 1296 1403 1339 Doricis
1434 1302 1534 1355 1)οὲ-

81 1365 137 1406 tis
167 1366 347 1422 aceepit.
409 1371 455 1407 Ν
483 1367 617 1417 {qest-sc.
652 1381 870 1422 nunquam
903 1365 1160 1415 assumitur,
1194 1365 1250 1405 ef.
1284 1369 1325 1418 ξ.
1362 1366 1429 1419 10,
1467 1367 1533 1418 12,

79 1441 377 1490 praeterquam
409 1433 452 1474 in
485 1432 565 1473 ἐντί
593 1433 705 1489 apud
737 1432 1242 1490 Pseudo·Pythagoreos
1274 1433 1360 1475 vid.
1395 1434 1435 1486 ξ.
1461 1434 1530 1475 40.

191 1499 303 1542 Mira
347 1501 554 1559 quaedam
597 1501 692 1554 ejus
738 1500 1053 1542 terminationis
1098 1501 1276 1542 mutatio
1316 1501 1360 1541 in
1400 1501 1532 1542 Eleu-

81 1571 377 1610 themanorum
411 1568 685 1610 Cretensium
717 1568 887 1609 decreto
926 1569 1216 1625 conspiciturg
1275 1585 1373 1609 nam
1413 1568 1531 1609 (ἔπε-

83 1637 403 1685 στάλκαντες
433 1638 463 1677 1.
497 1637 522 1677 4
552 1652 629 1693 pro
663 1635 944 1676 ἀπεστάλκασι»
984 1644 1025 1677 et
1057 1635 1386 1688 ‹5aec504701·ze;
1416 1637 1444 1678 l.
1478 1637 1533 1677 24

79 1721 157 1761 pro
188 1705 445 1757 διεξάγουσι.
506 1720 638 1761 quum
681 1719 726 1744 se
770 1704 954 1745 invicem
986 1703 1097 1744 tueri
1131 1703 1383 1754 videantur„
1445 1719 1531 1744 non

80 1772 218 1812 audeo
249 1788 343 1812 cum
375 1772 596 1813 Boeclihio
635 1772 678 1811 in
721 1770 976 1812 ἀπ’σταλκαν
1017 1780 1057 1812 et
1090 1771 1309 1824 d‘clego'cyoru
1349 1779 1529 1811 mutare.

78 1839 232 1898 Neque
264 1840 308 1880 in
343 1839 512 1880 Cretica
553 1839 648 1894 ejus
689 1839 837 1880 aetatis
882 1839 1064 1881 dialecto
1098 1840 1257 1880 formas
1290 1838 1532 1894 singulares

79 1915 120 1948 et
151 1907 462 1949 semibarbaras
495 1907 624 1948 nimis
656 1906 700 1947 in
733 1907 1027 1964 suspicionem
1051 1922 1203 1948 vocare
1225 1905 1444 1947 debemus.
1479 1932 1530 1937 —-

78 1975 355 2033 Hesychiana
385 1976 531 2031 glossa
563 1974 693 2029 ἔχονι,
727 1974 887 2028 ἔχουσι·
924 1978 1084 2027 Κρῆτες
1115 1975 1186 2016 vix
1219 1990 1320 2015 sana
1344 1981 1425 2026 est,
1460 1989 1530 2014 ne-

79 2060 162 2100 que
192 2050 332 2084 tamen
366 2043 575 2084 credibile
606 2043 804 2095 videtur,
838 2042 1104 2084 notissimam
1138 2043 1315 2083 formam
1349 2041 1475 2096 ἔχοντι
1508 2057 1531 2082 e

81 2110 250 2152 Cretica
282 2111 463 2152 dialecto
495 2118 705 2152 enotatam
745 2126 867 2162 esse,
915 2126 1044 2168 quare
1084 2110 1231 2151 nescio
1275 2125 1328 2150 an
1370 2109 1530 2167 corrigi

79 2179 217 2236 possit
247 2178 407 2232 ἔχονσι,
453 2178 615 2232 ἔχουσι,
670 2186 715 2218 ut
746 2177 801 2218 sit
832 2178 1002 2219 dativus
1033 2178 1211 2235 pluralis
1232 2208 1244 2230 ,
1291 2178 1347 2218 cs.
1382 2177 1424 2229 ξ.
1459 2178 1526 2217 14.

78 2274 132 2277 -
191 2245 258 2286 De
289 2245 411 2286 tertia
442 2262 625 2302 persona
656 2245 813 2302 plurali
843 2246 1024 2302 perfecti
1064 2245 1320 2286 ἁπεόταλκαν
1352 2244 1396 2285 in
1428 2244 1528 2285 titu-

78 2314 135 2356 lis
167 2313 351 2355 Creticis
386 2330 448 2354 nr.
483 2313 607 2355 3048.
642 2314 766 2355 3052.
800 2313 909 2356 3058
940 2314 1052 2354 infra
1086 2313 1297 2354 dicemus.

191 2383 234 2431 3)
295 2381 667 2436 Conjunctivi
722 2380 999 2436 ohjectivi
1057 2381 1222 2421 tertia
1284 2394 1526 2435 persona

80 2448 395 2505 singularis
438 2447 541 2488 mira
580 2449 739 2490 formae
780 2448 1059 2505 ambiguitate
1101 2446 1290 2504 insignis
1321 2454 1397 2487 est.
1474 2447 1524 2487 In

75 2517 215 2558 titulis
246 2516 361 2557 enim
393 2515 716 2557 terminationes
749 2535 787 2573 ῃ,
821 2535 861 2566 η,
896 2533 930 2557 ει
961 2516 1238 2573 reperiuntur
1259 2529 1419 2570 eaeque
1439 2530 1526 2555 non

75 2584 313 2626 constantia
338 2584 519 2640 quadam
543 2584 728 2635 electae,
764 2583 838 2624 sed
871 2600 996 2640 saepe
1029 2591 1185 2624 temere
1216 2589 1257 2622 et
1288 2581 1407 2622 nulla
1430 2581 1525 2636 lege

76 2652 245 2693 mixtae.
319 2652 367 2692 ln
412 2650 631 2707 plerisque
670 2650 843 2707 quidem
875 2651 1015 2691 titulis
1047 2651 1158 2703 iota,
1202 2665 1446 2706 quanquam
1481 2650 1523 2689 in

75 2719 363 2761 declinatione
395 2726 433 2759 et
465 2718 645 2774 reliquis
678 2727 872 2759 accurate
905 2727 1125 2771 servatur,
1158 2732 1242 2758 non
1263 2717 1522 2774 adscriptum

76 2794 166 2829 est:
200 2787 425 2828 Hermion.
464 2785 590 2839 1193,
626 2786 806 2841 Tegeat.
842 2786 898 2826 H.
924 2786 977 2827 L.
1013 2793 1053 2826 et
1083 2784 1240 2841 Agrig.
1278 2781 1326 2833 ἧς
1360 2785 1523 2841 Delph—
