1779 3079
198 210 265 258 26
658 209 699 269 §.
738 211 786 261 3.
855 213 931 260 De
972 223 1187 262 accentu.

198 347 482 406 Syracusanis
519 346 625 405 (vid.
658 347 698 408 ἓ.
732 349 785 392 15
814 357 856 391 ct
887 346 926 407 §.
954 350 998 403 5)
1039 351 1081 391 ἐν
1109 365 1189 408 pro
1219 352 1277 400 εἰς
1305 351 1654 409 septentrionalis

199 416 405 458 Graeciae
435 416 618 472 incolis,
649 434 782 475 quum
813 417 983 461 Cretica
1015 425 1161 461 essent
1189 418 1350 473 βεύτιον
1379 427 1422 462 et
1451 421 1516 469 ἱνς
1544 419 1654 475 §.15

193 491 236 525 et
264 484 407 537 §.14.

306 552 501 594 Plurima
531 553 772 596 Laconicae
813 554 985 596 dialecti
1025 554 1260 612 specimina
1290 554 1538 612 Hesychius
1566 571 1655 599 ser-

191 620 331 674 vavit,
377 620 581 679 pauciora
609 622 846 665 ltalioticae
877 630 919 664 ct
950 623 1146 664 Creticae
1165 655 1177 677 ,
1222 639 1358 681 pauca
1388 622 1655 681 reliquorum

190 687 372 729 Doridis
404 705 625 745 generum.
698 691 895 744 Quorum
925 691 1132 748 pleraque
1160 690 1436 748 Hesychius,
1480 691 1551 733 vel
1578 706 1654 749 po-

190 756 276 797 tius
297 756 598 813 Diogenianus
622 757 870 800 doctissimo
893 759 1111 816 Pamphili
1141 759 1263 817 operi
1294 767 1467 817 accepta
1497 758 1654 800 debere

189 824 383 879 videtur,
427 825 502 882 qui
532 826 626 883 ipse
658 827 975 884 antiquioribus
1007 827 1229 883 glossariis
1260 842 1363 868 usus
1394 835 1507 880 erat,
1550 826 1653 868 Ari-

189 893 413 950 stophanis
444 893 602 949 glossis
634 894 892 949 Laconicis,
932 894 1200 936 Artemidori
1230 895 1353 935 libris
1384 894 1435 936 de
1466 894 1652 949 Doride,

188 960 424 1001 Hermonis
452 961 626 1016 -glossis
673 962 890 1016 Creticis,
949 962 1135 1004 Diodori
1181 962 1345 1005 Italicis
1388 969 1504 1017 etc.,
1561 961 1650 1004 vid.

190 1028 342 1070 Ranhe
374 1028 425 1069 de
455 1028 563 1070 Lex.
596 1029 789 1087 Hesych.
823 1047 867 1088 p.
900 1031 956 1072 72
985 1046 1108 1088 seqq.
1185 1030 1345 1073 Nostra
1374 1029 1557 1072 maxime
1586 1029 1652 1071 in-

189 1103 395 1150 teresset,
442 1096 480 1137 si
518 1097 690 1155 singula
728 1115 924 1157 quaeque
955 1099 1007 1139 ad
1036 1098 1222 1156 primum
1253 1099 1416 1139 fontem
1445 1097 1651 1139 reducere

184 1164 361 1218 liceret,
400 1164 459 1206 ita
489 1172 536 1206 ut
565 1173 752 1223 pateret,
785 1184 806 1208 c
839 1167 996 1225 quibus
1028 1167 1311 1224 scriptoribus
1342 1173 1411 1221 ct,
1443 1166 1481 1208 si
1511 1181 1596 1224 qua
1626 1181 1650 1208 e

184 1232 340 1290 populi
379 1249 478 1287 ore,
525 1249 611 1291 quo
651 1242 843 1293 tempore
887 1237 1038 1277 hausta
1081 1235 1183 1276 sint.
1258 1234 1370 1276 Nam
1413 1233 1649 1276 Laconicas

186 1307 301 1342 certe
332 1300 499 1357 glossas
529 1302 583 1343 ad
613 1302 803 1346 diversas
834 1311 991 1347 aetates
1029 1304 1274 1362 pertinere,
1319 1303 1433 1345 infra
1474 1302 1648 1344 demon-

187 1368 435 1411 strabimus.

858 1502 900 1556 ξ.
938 1502 977 1544 3,

752 1583 831 1615 De
856 1585 1081 1615 accentu.

301 1649 343 1696 1)
401 1649 642 1692 Dorienses
687 1650 900 1692 contrario
940 1649 1155 1692 Acolibus
1201 1649 1343 1690 studio
1387 1655 1558 1690 acutum
1599 1648 1645 1691 in

185 1717 272 1758 fine
314 1717 622 1759 vocabulorum
667 1735 831 1760 amasse
875 1719 1060 1776 ideoque
1103 1718 1230 1760 etiam
1277 1717 1646 1775 praepositionum

184 1788 472 1845 anastrophen
515 1787 696 1829 aversati
738 1804 833 1829 esse
873 1787 1077 1828 dicuntur
1099 1790 1147 1838 ¹).
1236 1786 1339 1827 Alia
1379 1786 1473 1841 ejus
1513 1785 1644 1826 moris

184 1854 379 1911 exempla
409 1855 527 1896 nulla
559 1855 724 1913 reliqua
755 1863 881 1909 sunt,
914 1862 1082 1913 praeter
1112 1854 1302 1909 (Τριέτης),
1337 1853 1452 1911 quod
1480 1852 1642 1894 Dorice

183 1929 353 1963 acutum
383 1922 427 1963 in
458 1923 606 1964 ultima
637 1924 786 1964 hahuit
807 1927 869 1974 2),
912 1931 953 1964 ct
983 1939 1030 1964 ca
1063 1939 1171 1980 quae
1203 1922 1246 1962 in
1278 1922 1326 1964 ςῖἶ
1351 1920 1641 1962 contrahendo

182 2005 235 2031 ex
266 2015 336 2033 αων
366 1998 511 2031 natum
545 1998 727 2044 exeunt,
773 1998 819 2031 ut
852 1991 1038 2032 Ποτιδὰν
1068 2007 1146 2048 pro
1175 1989 1446 2038 Ποσειδάων,
1484 1993 1643 2029 Ποσει-

186 2061 289 2110 δῶν,
337 2057 522 2111 Ἀλκμάν
554 2075 634 2116 pro
664 2058 930 2112 ’A).251a1'‹1›11‚
976 2058 1198 2111 ’Λλκμάων
1219 2062 1271 2108 3).
1349 2058 1510 2100 Eodem
1540 2070 1642 2098 vcro

232 2261 265 2303 l)
315 2259 443 2304 Apoll.
483 2258 529 2291 de
567 2268 623 2302 pr.
657 2259 732 2292 119.
771 2259 812 2291 A.
864 2257 1003 2302 Δωριεῖς
1028 2256 1084 2289 ἐπὶ
1109 2255 1147 2289 τὸ
1170 2257 1264 2293 τέλος
1289 2255 1422 2295 φιλοῦσι
1444 2254 1508 2301 τὴν
1532 2253 1642 2293 ὀξεῖαν

183 2316 359 2365 προάγειν.
409 2337 441 2342 -
504 2317 599 2351 Ann.
626 2316 726 2348 Oxx.
756 2315 794 2356 1,
823 2318 884 2349 171
920 2315 967 2348 dc
1000 2316 1081 2348 ποτί-
1115 2315 1369 2359 antistrophcn
1403 2324 1473 2347 non
1507 2312 1640 2347 admit—

184 2383 301 2411 tente:
349 2373 486 2421 Δωρική
515 2374 582 2407 ἐστι
606 2372 791 2419 πρόθεσις·
829 2375 969 2420 Δωριεῖς
994 2374 1028 2407 ὸὲ
1054 2371 1194 2419 {filorum
1218 2375 1258 2419 τῇ
1284 2371 1390 2415 ὀξείῃ·
1427 2370 1448 2417 ἦ
1484 2373 1518 2405 δὲ
1543 2369 1638 2404 ἀντι-

182 2432 313 2480 στροφὴ
341 2434 504 2476 διαλέκτῳ
529 2433 674 2465 ἐναντία.

229 2493 265 2534 2)
314 2493 406 2525 Ann.
424 2491 523 2525 Oxx.
550 2490 579 2534 1,
605 2491 685 2532 316,
715 2490 766 2523 16.
797 2485 932 2535 φράτηρ
954 2487 1101 2523 Ἀττικοὶ
1125 2489 1184 2529 μὲν
1209 2487 1412 2534 βαρύνουσι,
1439 2485 1471 2520 οἶ
1498 2487 1637 2532 Δωριεῖς
1697 2493 1704 2498 ’

181 2547 363 2587 &Euroram

230 2609 266 2650 3)
328 2608 387 2641 De
421 2604 576 2640 Ποτιδοὶν
613 2604 669 2638 vel
706 2603 876 2638 Ποσειδᾶν
914 2604 987 2638 vid.
1026 2606 1053 2647 ᾗ.
1083 2607 1150 2645 31;
1205 2603 1326 2638 Arcad
1380 2614 1415 2647 p.
1441 2604 1472 2637 S.
1507 2600 1554 2635 τὰ
1591 2601 1636 2640 εἰς

183 2667 226 2709 {Te
259 2676 409 2720 λήγοντα
441 2673 541 2708 ἁπλᾶ
574 2672 728 2714 ὀνόματα
759 2671 942 2710 ὀξιῗιέσθαι
967 2674 1095 2712 ἐθέλει,
1145 2671 1194 2706 ἐπ’
1229 2671 1367 2709 dacia<
1398 2670 1553 2708 πτώσεως
1587 2670 1634 2715 μὴ

182 2744 317 2791 τροπὴν
340 2743 563 2784 ἀνιδιξάμτνα
588 2742 661 2777 ἀπὸ
682 2746 750 2776 τῶν
774 2742 816 2780 εἷς
846 2756 882 2787 '5¹'
905 2742 1113 2788 βαρι-τόνων,
1139 2739 1209 2775 οἷον
1233 2741 1362 2783 Παιὰν,
1384 2740 1470 2782 'lviv¹
1497 2739 1637 2785 δωρεὰν,

180 2801 352 2845 Ἀλκμάν,
394 2802 520 2841 Τιτὰν,
553 2801 710 2836 πελεκάν.
772 2801 871 2835 Inter
905 2802 993 2834 haec
1019 2801 1126 2834 otiam
1152 2800 1272 2834 Παιάν
1294 2808 1330 2834 et
1352 2799 1422 2832 'Ia'v
1446 2810 1466 2832 e
1490 2797 1635 2833 Παιάων
