1779 3079
421 164 461 223 §.
496 165 572 213 43.
637 164 710 211 De
738 162 1179 226 praepositionibus.
1427 163 1524 212 353

79 298 324 341 Boeekbius
357 301 518 349 συνείκη
552 314 638 340 nou
668 305 782 339 reete
814 298 858 338 in
883 300 1085 349 συνευείκη
1104 299 1290 340 mutas'se
1312 298 1522 345 videatur.

78 366 191 408 nihil
219 367 469 408 mutandum
500 383 597 408 esse
629 382 757 423 supra
788 365 1015 407 docuimus
1046 382 1081 407 S.
1115 383 1155 408 v.
1190 371 1280 406 ἵκω.
1311 389 1365 396 -
1403 367 1521 407 Pers.

79 433 204 489 Subj.
245 433 456 488 ἕνήνεγμαι
494 433 776 485 Archimed.,
831 448 929 473 nam
974 449 1092 474 mero
1139 434 1374 490 sphalmate
1413 433 1526 491 apud

79 501 265 542 eundem
295 501 526 559 aliquoties
557 499 939 556 reduplicationem
971 500 1111 541 omitti
1133 517 1261 558 supra
1282 500 1526 542 monuimus

77 569 120 623 ἓ.
153 569 232 622 35,
264 570 306 610 2.

193 637 363 689 φθαίρ
379 652 409 674 ω
441 634 652 676 Doricum
693 650 790 676 esse
828 634 1013 676 refertur
1056 649 1135 690 pro
1167 636 1328 688 φθείρει)
1360 636 1447 677 vid.
1481 636 1523 689 §-

78 704 160 757 22,
196 704 251 757 53
283 703 389 743 Aor.
424 702 466 742 II
496 718 540 759 p.
577 703 861 755 καταᾳθαρείς
890 701 1046 758 Epich.
1081 701 1150 744 19.

190 768 454 824 (χεὶρ-κω),
497 770 618 811 Perf.
655 770 805 824 κε’χανα
837 769 994 826 Sophr.
1029 769 1096 811 51.

188 837 311 891 χέω,
342 837 449 878 Aor.
487 837 507 877 I
537 838 676 892 ἐγχέας
705 836 863 895 Epieh.
897 836 965 877 61.

192 910 353 946 ΧΡΕ.
416 904 562 959 Hujus
604 904 751 961 stirpis
795 905 899 945 haec
943 902 1250 946 inclinamenta
1288 905 1430 947 variae
1472 907 1528 948 si-

77 972 368 1029 gnificationis
400 971 702 1027 reperiuntur:

192 1040 233 1090 a)
293 1038 401 1093 χρή,
448 1045 699 1096 oportet,
746 1054 871 1094 quam
902 1053 1051 1079 vocem
1083 1037 1136 1078 ab
1166 1037 1290 1079 initio
1320 1055 1406 1080 nou
1436 1057 1529 1083 ver-

78 1101 181 1147 bum
213 1122 332 1156 esse,
376 1106 453 1147 sed
482 1106 826 1158 substantivum,
874 1105 976 1147 olim
1010 1105 1233 1147 docuimus
1263 1106 1309 1146 in
1341 1107 1444 1150 diss.
1477 1109 1530 1149 de

78 1173 196 1228 conj.
229 1173 275 1213 in
307 1190 350 1224 μι
388 1189 432 1230 p.
465 1173 546 1225 28,
590 1173 754 1230 legitur
783 1172 940 1230 Epich.
975 1173 1072 1214 122.
1108 1172 1203 1214 131.
1239 1173 1344 1227 133,
1389 1191 1530 1233 neque

79 1240 216 1282 ullum
248 1239 370 1281 aliud
400 1240 495 1295 ejus
527 1240 898 1282 inclinanlentum.

42 1302 44 1309 ⁸
191 1304 242 1360 b)
300 1310 472 1362 χρῆσθα
502 1308 693 1349 Acharn.
719 1309 802 1350 744
831 1323 908 1365 pro
938 1306 1103 1364 χρῄζεις
1131 1307 1291 1350 dictum
1323 1325 1446 1362 esse,
1478 1310 1531 1353 de

79 1389 165 1432 quo
206 1389 360 1416 vocum
396 1378 500 1432 χρῇς
540 1382 581 1416 et
619 1378 703 1432 χρῇ
742 1392 823 1416 usu
861 1375 1117 1416 Dindorflus
1158 1375 1267 1417 dixit
1303 1376 1356 1416 ad
1394 1376 1528 1435 Soph.

78 1441 234 1498 Antig.
269 1442 368 1495 887,
409 1442 651 1484 rectissime
685 1443 902 1500 Bergltius
934 1442 1150 1484 intellexit
1179 1443 1268 1484 vid.
1301 1446 1341 1498 ξ.
1374 1446 1455 1499 24,
1491 1448 1529 1488 1.

80 1508 248 1551 Eodem
278 1525 411 1551 sensu
439 1509 579 1566 χρῄζω
609 1511 678 1553 vel
708 1510 849 1565 χρῄζω
882 1517 1115 1566 usurpatur
1143 1510 1227 1552 vid.
1292 1542 1301 1551 .
1333 1512 1413 1565 22,
1446 1515 1487 1555 7.

193 1574 236 1632 c)
295 1579 567 1631 χρῆσθαι,
602 1578 698 1630 uti,
731 1578 776 1619 in
799 1578 867 1618 his
890 1577 1042 1619 Formis
1062 1578 1296 1635 reperitur:
1330 1579 1529 1636 Imperat.

80 1643 280 1699 χρήσθων
315 1644 430 1685 Cret.
463 1644 599 1697 2556,
632 1645 686 1685 65
730 1653 771 1686 et
804 1646 1117 1699 καταχρείσθων
1148 1645 1291 1686 Rhod.
1323 1646 1451 1699 2525,
1485 1647 1527 1688 b.

79 1713 160 1765 862,
204 1712 289 1752 Inf.
322 1713 515 1765 χρῆσθαι
546 1711 722 1753 Heracl.
757 1712 826 1760 ll,
858 1712 941 1766 (363
983 1711 1143 1752 Partic.
1178 1712 1380 1766 χρήμενος
1411 1714 1528 1756 Cret.

80 1779 222 1831 2554,
254 1778 323 1819 61.
384 1777 521 1819 Vides
565 1778 714 1819 ultima
752 1779 889 1819 forma
930 1786 1131 1835 excepta,
1180 1796 1289 1837 quac
1329 1779 1375 1821 in
1404 1781 1530 1824 titulo

80 1844 406 1902 corruptissimo
446 1861 595 1902 parum
635 1845 736 1887 fidei
777 1845 930 1897 habet,
974 1846 1162 1903 reliquas
1201 1864 1224 1889 a
1262 1848 1435 1901 χρεόμαι
1474 1849 1532 1890 ita

80 1912 371 1963 descendere,
406 1920 451 1953 ut
484 1912 673 1953 severior
694 1912 829 1954 Doris
862 1930 898 1953 εε
929 1913 974 1953 in
1001 1932 1022 1963 »s
1056 1914 1355 1969 conjunxerit,
1387 1916 1532 1958 mitior

80 1980 128 2021 in
159 1996 216 2029 ει,
249 1980 308 2021 ef.
341 1979 382 2032 ἕ.
417 1979 496 2032 38,
528 1980 569 2020 4.
605 2004 659 2009 --
702 1980 812 2021 Aor.
845 1981 865 2020 Ι
896 1997 939 2038 p.
973 1981 1264 2035 κατεχρήσθην
1294 1983 1324 2024 i.
1359 1999 1397 2025 e.
1431 2000 1529 2026 usu

82 2047 295 2089 confici
324 2047 423 2103 plus
455 2047 589 2088 semel
621 2048 831 2103 repetitur
860 2048 905 2088 iu
940 2047 1117 2105 Corcyr.
1153 2050 1278 2093 1845.

197 2114 242 2163 d)
303 2113 516 2167 ἀποχρέω,
552 2114 816 2167 sufficio,
848 2115 1005 2172 Epich.
1033 2117 1129 2158 114.

195 2180 398 2223 Derivata
428 2177 557 2236 hujus
583 2182 741 2223 radicis
772 2182 817 2223 in
849 2183 1038 2240 genuina
1068 2182 1234 2226 Doride
1266 2203 1289 2234 η
1319 2185 1432 2227 tueri
1462 2200 1530 2226 su-

26 2264 31 2275 ·
61 2260 159 2306 ‘pra
190 2248 414 2290 docuimus
444 2249 485 2302 ξ.
519 2248 600 2302 19,
635 2249 675 2291 3.

729 2394 770 2447 g.
808 2395 877 2437 43.

524 2496 602 2527 lle
631 2498 1094 2537 praepositionibus·

200 2593 246 2648 1)
305 2593 366 2636 Ut
395 2593 439 2634 in
459 2592 655 2635 Aeolicis
686 2593 907 2644 dialectis,
935 2594 992 2636 ita
1023 2594 1069 2635 in
1099 2592 1341 2651 antiquiore
1367 2594 1532 2639 Doride

0 2686 26 2705 ,ψ
76 2674 307 2718 ‘apocopen
337 2662 558 2718 patiuntur
587 2660 928 2717 praepositiones
957 2661 1096 2713 παρά,
1143 2660 1245 2709 ἀνά,
1278 2662 1405 2713 κατά,
1447 2680 1533 2721 quo

89 2728 254 2770 aceedit
282 2728 493 2770 Doricum
531 2729 626 2769 ποτί
661 2743 738 2784 pro
776 2728 897 2783 πρός.
971 2729 1164 2771 Primum
1201 2729 1351 2772 titulos
1388 2732 1532 2787 perlu-

139 2811 200 2852 11.
1213 2814 1268 2855 23
