1779 3079
422 185 464 245 §.
502 186 580 236 46.
649 187 724 234 De
759 189 1104 254 conjugatione.
1380 195 1475 242 211

38 322 173 364 forma
208 321 358 364 tertiae
398 336 607 379 personae
639 321 818 378 pluralis
856 326 1202 380 praeteritorum,
1255 335 1302 370 ut
1340 328 1474 385 ἔσταν,

38 389 290 442 ἐκόσμηθεν,
344 405 482 445 neque
512 395 600 441 est,
649 404 725 430 eur
753 389 1021 446 dubitemus,
1065 410 1308 455 quanquam
1337 412 1475 441 exem·

38 457 109 514 pla
138 456 183 497 in
213 464 430 513 utramque
460 463 618 511 partem
649 453 955 500 desiderantur.

152 523 395 581 Singularis
433 522 705 563 Boeotismus
743 530 807 564 est
846 524 891 565 in
925 525 1119 580 ἀνέθιαν,
1168 533 1283 586 quod
1314 533 1476 577 Boeek-

38 592 137 633 liius
167 608 232 633 nr.
266 590 372 632 1588
402 605 425 630 e
455 589 629 631 meliore
659 593 901 648 apographo
940 610 1016 651 pro
1048 593 1263 637 ἀνέθηκαν
1298 603 1476 658 recepit,

39 673 279 716 quanquam
307 657 387 697 hoc
415 656 574 714 legitur
603 673 669 697 nr.
695 657 813 699 1579.
842 660 964 713 1563,
998 661 1180 703 άνέθεικε
1206 666 1327 707 1571.
1352 669 1477 723 1601,

40 725 228 766 ἀπέδωκα
258 731 298 765 et
329 723 510 764 ἀπέδωκε
542 723 678 778 1569,
710 741 748 765 a.
810 726 925 767 Illud
955 727 1122 769 ἀνὲίὶιαν
1150 729 1396 775 Boeckhius
1425 751 1478 777 ex

39 790 238 833 ἀνέθεσαν
268 793 292 832 ἆ
330 792 465 847 ejecto
494 798 638 833 natum
665 791 861 847 judieat3
906 802 971 848 at,
1018 796 1055 836 si
1086 812 1303 855 comparas
1337 799 1480 842 ἀπεδε-

39 859 187 901 ὁόανθι
231 859 363 912 1569,
394 875 431 900 a.
464 859 547 900 III.
591 875 667 916 pro
710 858 1022 914 ἅπεόεδώκασι,
1078 865 1205 906 facile
1246 866 1477 926 intelligis,

5 962 15 977 ,
34 927 177 986 potius
206 927 229 967 ἦ
259 926 490 979 omissum,
538 927 857 968 antecedentem
887 930 1076 972 vocalem
1103 942 1338 990 correptam
1368 953 1476 979 esse.

38 996 94 1037 cf.
126 1012 192 1036 nr.
227 996 266 1037 5.

148 1063 200 1104 In
240 1062 371 1105 verbo
417 1062 682 1104 substantivo
730 1062 871 1119 ipsum
919 1066 996 1116 εἰμί
1033 1064 1285 1109 Boeotieum
1322 1069 1480 1114 dicitur

36 1138 210 1188 propter
240 1130 551 1187 diphthongum
582 1129 625 1170 in
655 1130 890 1186 penultima
921 1130 991 1181 (ab
1010 1131 1228 1174 Heraclid.
1261 1151 1328 1193 ap.
1351 1136 1476 1180 Eust.

40 1199 171 1252 1442,
203 1198 256 1239 52
286 1204 327 1238 et
358 1197 403 1237 in
434 1197 490 1237 H.
525 1195 609 1238 Ad.
640 1197 749 1250 207,
781 1195 867 1253 a.),
910 1214 1050 1255 neque
1081 1215 1183 1243 sane
1213 1203 1338 1245 aliter
1366 1207 1479 1262 apud

36 1266 222 1308 Boeotos
254 1264 456 1318 sonabat,
490 1270 537 1304 ut
567 1263 826 1320 intelligitur
855 1281 906 1305 ex
937 1264 1149 1308 infinitivo
1180 1268 1283 1320 εἶμεν
1292 1289 1306 1319 ;
1355 1272 1379 1313 3
1410 1288 1475 1328 sg.

38 1335 121 1374 ἐστὶ
159 1333 267 1374 Aeli.
308 1332 416 1384 868,
461 1331 486 1372 3
528 1330 639 1388 plur.
686 1332 764 1371 ἐντὶ
799 1332 910 1372 Aah.
952 1334 1048 1374 869.
1098 1334 1185 1376 vid.
1226 1353 1292 1377 nr.
1340 1340 1378 1380 1.
1424 1366 1480 1373 —-

40 1401 353 1457 Conjunetivus
384 1402 503 1440 ἴωνθι
533 1415 608 1456 pro
640 1397 776 1448 ἔωικτι,
830 1399 950 1445 ἔωσι,
985 1395 1063 1440 οἷσι
1093 1409 1158 1441 est
1186 1418 1250 1443 nr.
1286 1404 1410 1458 1569,
1435 1422 1474 1446 a.

38 1468 129 1521 1112,
166 1467 420 1510 Infinitivus
463 1466 565 1519 εἶμεν
607 1466 727 1509 1562.
772 1466 878 1508 1563
917 1474 1025 1520 εἶα,
1079 1469 1360 1526 Participium
1409 1471 1481 1513 ἰών

40 1668 244 1714 ἕκόσμηθεν
271 1691 310 1697 -
336 1674 394 1704 καὶ
428 1668 594 1714 φυλάσσει
627 1667 695 1714 τήν
723 1668 994 1716 παραλήγουσαν
1025 1670 1088 1715 τῆς
1117 1672 1254 1716 γενικῆς
1276 1673 1348 1708 τῶν
1370 1687 1479 1721 μετα-

39 1727 120 1771 χῶι».
169 1728 225 1761 Et.
252 1728 302 1761 M.
328 1729 413 1769 401,
437 1728 492 1762 43.
528 1727 638 1769 (Gud.
666 1729 750 1771 223,
775 1729 838 1771 47,
871 1730 963 1762 Anu.
991 1730 1061 1762 Ox.
1088 1730 1128 1771 Ι,
1158 1732 1239 1772 151,
1267 1733 1322 1774 13)
1357 1734 1478 1767 Βοιω-

39 1789 93 1819 τοὶ
117 1783 175 1818 ἐπὶ
199 1782 269 1816 τῶν
293 1783 444 1824 ἐχόντων
466 1782 532 1827 τήν
553 1783 706 1827 μετοχήν
731 1782 776 1819 εἷς
805 1789 829 1820 ξ
859 1783 1022 1827 ὀξύτονον
1055 1786 1186 1831 ἔβημεν
1208 1787 1294 1832 ἔβαν
1320 1808 1357 1814 -
1386 1791 1478 1835 ἔφα-

40 1856 104 1876 σαν
129 1847 184 1875 καὶ
214 1843 362 1875 Βοιωτοὶ
389 1842 486 1883 ἔφαν.
542 1841 721 1876 Similiter
743 1842 918 1876 Boeotica
944 1842 1114 1876 dicuntur
1137 1844 1313 1887 ἔφθιθεν,
1347 1844 1478 1891 ἐρήτυ-

41 1901 129 1942 θεν,
154 1901 369 1942 νεμέσσηθεν
406 1900 464 1933 Et.
492 1899 541 1933 M.
568 1901 656 1941 60⁰,
682 1901 747 1941 37,
784 1899 879 1933 Gud.
905 1902 992 1942 207,
1021 1902 1062 1934 13
1087 1921 1126 1927 —
1152 1902 1234 1944 405,
1262 1904 1304 1936 24
1330 1925 1370 1930 —
1397 1907 1477 1948 552,

42 1960 93 1992 17.
121 1976 161 1982 —
209 1957 256 1990 Et
279 1955 454 1989 Aeolibus
491 1963 526 1989 et
551 1956 700 1990 Boeotis
732 1956 792 1989 hic
828 1967 902 1989 mos
939 1956 1110 1990 tribuitur
1141 1958 1200 1991 Et.
1228 1959 1277 1992 M.
1305 1962 1392 2003 532,
1419 1963 1476 1997 33.

39 2011 228 2056 ποιητικῶς
252 2010 275 2057 ἢ
299 2011 469 2048 Αἶυλικῶς
493 2010 516 2056 ἢ
531 2012 695 2056 Δωρικῶς
721 2011 902 2057 φάανθεν·
930 2014 1012 2051 ἔθος
1039 2012 1106 2057 γάρ
1130 2015 1263 2055 ἔχωσιν
1286 2016 1324 2050 οἱ
1338 2017 1480 2054 Αἰολεῖς

38 2070 82 2106 τά
118 2072 241 2112 ἔχοντα
274 2067 417 2115 ῥήματα
445 2069 510 2113 τήν
542 2069 696 2114 μετοχὴν
729 2069 776 2104 εἰς
808 2071 829 2106 ξ
863 2069 1030 2110 ὀξίτονον
1053 2074 1280 2116 σχηματίζειν
1302 2072 1347 2107 ‘toi
1372 2077 1478 2118 τρίτα

0 2164 1 2169 ,
39 2128 110 2164 τῶν
133 2126 385 2171 πληθυντικῶν
418 2125 462 2162 οἷς
495 2126 535 2162 sd
571 2126 754 2171 κόσμηθεν
788 2131 846 2161 καὶ
881 2125 1093 2171 ἀπέφθιθεν
1118 2150 1157 2154 -
1184 2128 1394 2173 ἕᾳθίθησαν
1419 2135 1479 2165 καὶ

40 2185 243 2223 Βοιωτικυῖς
268 2183 490 2228 ἀπέφθιθεν.
538 2185 658 2219 Simili
684 2185 791 2218 modo
817 2185 905 2218 haec
929 2187 1195 2228 conjunguntur
1219 2187 1255 2220 in
1280 2190 1375 2222 Ann.
1402 2189 1475 2222 Ox.

40 2244 78 2286 Ι,
104 2245 191 2286 428,
216 2245 258 2285 4,
303 2243 433 2276 Boeoti
466 2242 677 2276 omittuntur
710 2241 746 2275 in
771 2243 829 2276 Et.
857 2243 900 2276 G.
927 2244 1014 2286 547,
1039 2245 1092 2277 30.
1125 2263 1163 2268 —
1212 2244 1366 2278 Aeolica
1390 2245 1478 2279 talia

41 2309 212 2335 vocantur
237 2301 281 2334 ab
305 2301 405 2334 Eust.
434 2302 489 2343 85,
516 2302 556 2333 17
572 2325 581 2341 ,
616 2299 679 2342 qui
706 2300 837 2333 multus
862 2306 913 2333 est
937 2300 983 2334 de
1008 2299 1065 2333 his
1090 2299 1237 2343 formis,
1262 2302 1307 2335 ef.
1334 2313 1369 2346 p.
1395 2303 1479 2344 495,

41 2360 104 2401 143
144 2365 331 2403 praeterea
363 2358 417 2399 (et
455 2358 670 2401 plerumque
706 2356 811 2390 simul
844 2356 983 2390 Dorica
1018 2357 1076 2390 vel
1108 2357 1256 2399 Ionica)
1289 2359 1390 2392 Eust.
1417 2359 1475 2401 46,

43 2416 238 2457 18—477,
271 2417 334 2457 363
371 2413 509 2449 Scholl.
541 2414 697 2448 Theocr.
731 2416 770 2457 7,
802 2416 864 2457 703
900 2415 959 2448 Et.
993 2414 1045 2449 M.
1077 2416 1161 2457 104,
1186 2416 1379 2457 32-418,
1412 2417 1477 2459 25;

40 2472 98 2505 Et.
135 2472 181 2507 G.
220 2474 303 2514 156,
336 2473 405 2514 463
452 2473 545 2505 Ann.
583 2471 656 2504 Ox.
686 2472 723 2514 I,
756 2474 799 2514 9,
833 2472 1027 2513 21-244,
1059 2472 1249 2512 26-449,
1282 2473 1303 2505 6
1339 2478 1405 2505 etc.
1433 2491 1476 2496 —

40 2527 157 2574 Saepe
187 2540 349 2574 syncope
375 2529 524 2563 Aeolica
557 2528 593 2561 in
626 2528 682 2561 his
706 2529 934 2571 agnoscitur,
982 2538 1048 2560 nec
1079 2526 1195 2560 minus
1229 2527 1265 2559 in
1290 2527 1478 2560 Hesiodeo

40 2579 84 2627 ἦν
120 2597 187 2631 pro
223 2581 310 2628 ἦσαν
340 2586 387 2619 Η.
416 2585 486 2619 Ad.
514 2586 598 2625 178,
624 2595 663 2627 a,
707 2586 770 2618 ubi
806 2592 1035 2629 comparatur
1065 2584 1242 2627 ἵτυφθεν,
1279 2590 1313 2617 et
1349 2584 1384 2616 in
1409 2583 1480 2618 εἶεν

40 2641 199 2677 Phavor.
224 2644 304 2677 Ecl.
333 2645 416 2685 171,
444 2644 498 2676 16.
557 2641 637 2674 Jam
663 2651 770 2684 vero,
804 2653 912 2684 quum
939 2641 1077 2674 nullum
1103 2641 1206 2682 hujus
1231 2640 1368 2674 formae
1393 2641 1478 2673 bre-

44 2699 156 2733 vioris
180 2700 370 2743 vestigium
396 2698 492 2743 apud
518 2697 672 2731 Lesbios
701 2706 899 2742 appareat,
937 2698 1072 2739 ubique
1108 2697 1154 2730 de
1177 2697 1328 2732 Boeotis
1350 2697 1478 2732 Aeoli-

40 2755 107 2789 bus
131 2756 361 2800 cogitandum
386 2767 465 2791 esse
492 2755 646 2789 videtur.

1107 2816 1178 2856 14*
