<?xml version="1.0" encoding="UTF-8"?>
<!DOCTYPE html PUBLIC "-//W3C//DTD XHTML 1.0 Transitional//EN"
    "http://www.w3.org/TR/xhtml1/DTD/xhtml1-transitional.dtd">
<html xmlns="http://www.w3.org/1999/xhtml" xml:lang="en" lang="en">
 <head>
  <title>
</title>
<meta http-equiv="Content-Type" content="text/html;charset=utf-8" />
  <meta name='ocr-system' content='tesseract 3.04.00' />
  <meta name='ocr-capabilities' content='ocr_page ocr_carea ocr_par ocr_line ocrx_word'/>
</head>
<body>
  <div class='ocr_page' id='page_1' title='image "./degraecaelinguae01ahreuoft_0383.png"; bbox 0 0 1779 3079; ppageno 0'>
   <div class='ocr_carea' id='block_1_1' title="bbox 508 190 1497 255">
    <p class='ocr_par' dir='ltr' id='par_1_1' title="bbox 508 190 1497 255">
     <span class='ocr_line' id='line_1_1' title="bbox 508 190 1497 255; baseline -0.002 -14"><span class='ocrx_word' id='word_1_1' title='bbox 508 194 549 254; x_wconf 83' lang='lat'><strong>§.</strong></span> <span class='ocrx_word' id='word_1_2' title='bbox 588 195 632 243; x_wconf 88' lang='lat'><strong>6.</strong></span> <span class='ocrx_word' id='word_1_3' title='bbox 703 194 777 240; x_wconf 86' lang='lat' dir='ltr'><strong>De</strong></span> <span class='ocrx_word' id='word_1_4' title='bbox 812 212 834 238; x_wconf 92' lang='grc' dir='ltr'><em>τ</em></span> <span class='ocrx_word' id='word_1_5' title='bbox 869 209 955 255; x_wconf 80' lang='lat' dir='ltr'><strong>pro</strong></span> <span class='ocrx_word' id='word_1_6' title='bbox 991 211 1030 238; x_wconf 92' lang='grc' dir='ltr'><strong>σ.</strong></span> <span class='ocrx_word' id='word_1_7' title='bbox 1429 190 1497 239; x_wconf 89' lang='grc'><strong>59</strong></span> 
     </span>
    </p>
   </div>
   <div class='ocr_carea' id='block_1_2' title="bbox 46 329 1515 2261">
    <p class='ocr_par' dir='ltr' id='par_1_2' title="bbox 54 329 1496 658">
     <span class='ocr_line' id='line_1_2' title="bbox 54 329 1495 388; baseline -0.001 -17"><span class='ocrx_word' id='word_1_8' title='bbox 54 332 241 381; x_wconf 67' lang='grc' dir='ltr'><strong>,Ιίλισσήν</strong></span> <span class='ocrx_word' id='word_1_9' title='bbox 284 332 499 373; x_wconf 74' lang='lat' dir='ltr'><strong>tribuitur.</strong></span> <span class='ocrx_word' id='word_1_10' title='bbox 574 332 807 388; x_wconf 86' lang='lat' dir='ltr'><strong>Compares</strong></span> <span class='ocrx_word' id='word_1_11' title='bbox 847 330 1168 385; x_wconf 78' lang='lat' dir='ltr'><strong>Phryniehum,</strong></span> <span class='ocrx_word' id='word_1_12' title='bbox 1212 330 1287 388; x_wconf 88' lang='lat' dir='ltr'><strong>qui</strong></span> <span class='ocrx_word' id='word_1_13' title='bbox 1324 337 1365 371; x_wconf 83' lang='lat' dir='ltr'><strong>et</strong></span> <span class='ocrx_word' id='word_1_14' title='bbox 1401 329 1495 386; x_wconf 87' lang='lat' dir='ltr'><strong>ipse</strong></span> 
     </span>
     <span class='ocr_line' id='line_1_3' title="bbox 55 396 1490 454; baseline -0.003 -14"><span class='ocrx_word' id='word_1_15' title='bbox 55 399 134 440; x_wconf 72' lang='lat' dir='ltr'><strong>sub</strong></span> <span class='ocrx_word' id='word_1_16' title='bbox 170 399 231 440; x_wconf 82' lang='lat' dir='ltr'><strong>M.</strong></span> <span class='ocrx_word' id='word_1_17' title='bbox 265 399 488 440; x_wconf 80' lang='lat' dir='ltr'><strong>Antonino</strong></span> <span class='ocrx_word' id='word_1_18' title='bbox 527 398 695 450; x_wconf 84' lang='lat' dir='ltr'><strong>floruit,</strong></span> <span class='ocrx_word' id='word_1_19' title='bbox 737 398 782 438; x_wconf 89' lang='lat' dir='ltr'><strong>in</strong></span> <span class='ocrx_word' id='word_1_20' title='bbox 811 396 1006 438; x_wconf 84' lang='lat' dir='ltr'><strong>Anccdd.</strong></span> <span class='ocrx_word' id='word_1_21' title='bbox 1042 396 1175 437; x_wconf 72' lang='lat' dir='ltr'><strong>Bekk.</strong></span> <span class='ocrx_word' id='word_1_22' title='bbox 1215 413 1259 454; x_wconf 86' lang='lat' dir='ltr'><strong>p.</strong></span> <span class='ocrx_word' id='word_1_23' title='bbox 1292 396 1372 450; x_wconf 82' lang='lat'><strong>67,</strong></span> <span class='ocrx_word' id='word_1_24' title='bbox 1407 396 1490 438; x_wconf 79' lang='lat'><strong>15:</strong></span> 
     </span>
     <span class='ocr_line' id='line_1_4' title="bbox 57 462 1495 522; baseline -0.003 -15"><span class='ocrx_word' id='word_1_25' title='bbox 57 468 251 522; x_wconf 71' lang='grc' dir='ltr'><strong>ὶῖρισχυς,</strong></span> <span class='ocrx_word' id='word_1_26' title='bbox 297 468 318 508; x_wconf 78' lang='grc' dir='ltr'><em>ὂ</em></span> <span class='ocrx_word' id='word_1_27' title='bbox 349 468 654 519; x_wconf 62' lang='grc' dir='ltr'><em>ὸὶαᾳθείροντες</em></span> <span class='ocrx_word' id='word_1_28' title='bbox 685 469 720 506; x_wconf 82' lang='grc' dir='ltr'><strong>οἱ</strong></span> <span class='ocrx_word' id='word_1_29' title='bbox 753 466 910 504; x_wconf 79' lang='grc' dir='ltr'><em>ἰὸιῶται</em></span> <span class='ocrx_word' id='word_1_30' title='bbox 940 465 1111 517; x_wconf 69' lang='grc' dir='ltr'><strong>βρίσχον</strong></span> <span class='ocrx_word' id='word_1_31' title='bbox 1141 467 1337 516; x_wconf 71' lang='grc' dir='ltr'><strong>καλοῦσι,</strong></span> <span class='ocrx_word' id='word_1_32' title='bbox 1382 462 1495 504; x_wconf 88' lang='lat' dir='ltr'><strong>unde</strong></span> 
     </span>
     <span class='ocr_line' id='line_1_5' title="bbox 56 530 1496 592; baseline -0.002 -18"><span class='ocrx_word' id='word_1_33' title='bbox 56 543 255 592; x_wconf 81' lang='lat' dir='ltr'><strong>apparet,</strong></span> <span class='ocrx_word' id='word_1_34' title='bbox 297 550 344 575; x_wconf 88' lang='lat' dir='ltr'><strong>ca</strong></span> <span class='ocrx_word' id='word_1_35' title='bbox 373 540 505 574; x_wconf 85' lang='lat' dir='ltr'><strong>aetate</strong></span> <span class='ocrx_word' id='word_1_36' title='bbox 536 531 640 573; x_wconf 90' lang='lat' dir='ltr'><strong>adeo</strong></span> <span class='ocrx_word' id='word_1_37' title='bbox 671 531 903 588; x_wconf 83' lang='lat' dir='ltr'><strong>genuinum</strong></span> <span class='ocrx_word' id='word_1_38' title='bbox 936 538 959 571; x_wconf 82' lang='grc' dir='ltr'><em>ῦ</em></span> <span class='ocrx_word' id='word_1_39' title='bbox 988 531 1152 572; x_wconf 88' lang='lat' dir='ltr'><strong>initiale</strong></span> <span class='ocrx_word' id='word_1_40' title='bbox 1182 531 1225 571; x_wconf 89' lang='lat' dir='ltr'><strong>in</strong></span> <span class='ocrx_word' id='word_1_41' title='bbox 1256 530 1394 587; x_wconf 87' lang='lat' dir='ltr'><strong>plebis</strong></span> <span class='ocrx_word' id='word_1_42' title='bbox 1423 545 1496 571; x_wconf 88' lang='lat' dir='ltr'><strong>ore</strong></span> 
     </span>
     <span class='ocr_line' id='line_1_6' title="bbox 55 601 569 658; baseline -0.006 -16"><span class='ocrx_word' id='word_1_43' title='bbox 55 601 99 642; x_wconf 89' lang='lat' dir='ltr'><strong>in</strong></span> <span class='ocrx_word' id='word_1_44' title='bbox 129 607 156 654; x_wconf 78' lang='grc' dir='ltr'>β</span> <span class='ocrx_word' id='word_1_45' title='bbox 186 608 429 658; x_wconf 88' lang='lat' dir='ltr'><strong>corruptum</strong></span> <span class='ocrx_word' id='word_1_46' title='bbox 460 615 569 641; x_wconf 86' lang='lat' dir='ltr'><strong>esse.</strong></span> 
     </span>
    </p>

    <p class='ocr_par' dir='ltr' id='par_1_3' title="bbox 46 663 1510 1670">
     <span class='ocr_line' id='line_1_7' title="bbox 168 663 1499 722; baseline -0.003 -13"><span class='ocrx_word' id='word_1_47' title='bbox 168 669 394 722; x_wconf 85' lang='lat' dir='ltr'>Quomodo</span> <span class='ocrx_word' id='word_1_48' title='bbox 423 676 562 708; x_wconf 90' lang='lat' dir='ltr'><strong>autem</strong></span> <span class='ocrx_word' id='word_1_49' title='bbox 593 666 813 709; x_wconf 87' lang='lat' dir='ltr'><strong>conciliari</strong></span> <span class='ocrx_word' id='word_1_50' title='bbox 843 672 1007 722; x_wconf 75' lang='lat' dir='ltr'><strong>potest,</strong></span> <span class='ocrx_word' id='word_1_51' title='bbox 1040 664 1154 722; x_wconf 89' lang='lat' dir='ltr'><strong>quod</strong></span> <span class='ocrx_word' id='word_1_52' title='bbox 1185 663 1395 719; x_wconf 75' lang='lat' dir='ltr'>digamma</span> <span class='ocrx_word' id='word_1_53' title='bbox 1424 680 1499 705; x_wconf 91' lang='lat' dir='ltr'><strong>no-</strong></span> 
     </span>
     <span class='ocr_line' id='line_1_8' title="bbox 54 731 1497 777; baseline -0.004 0"><span class='ocrx_word' id='word_1_54' title='bbox 54 736 240 777; x_wconf 77' lang='lat' dir='ltr'><strong>vissimis</strong></span> <span class='ocrx_word' id='word_1_55' title='bbox 281 743 377 777; x_wconf 87' lang='lat' dir='ltr'><strong>ante</strong></span> <span class='ocrx_word' id='word_1_56' title='bbox 417 743 606 777; x_wconf 83' lang='lat' dir='ltr'><strong>nostram</strong></span> <span class='ocrx_word' id='word_1_57' title='bbox 645 750 783 776; x_wconf 86' lang='lat' dir='ltr'><strong>aeram</strong></span> <span class='ocrx_word' id='word_1_58' title='bbox 822 733 1003 775; x_wconf 84' lang='lat' dir='ltr'><strong>sacculis</strong></span> <span class='ocrx_word' id='word_1_59' title='bbox 1044 732 1306 773; x_wconf 70' lang='lat' dir='ltr'><strong>obsolevisse</strong></span> <span class='ocrx_word' id='word_1_60' title='bbox 1349 738 1390 772; x_wconf 85' lang='lat' dir='ltr'><strong>et</strong></span> <span class='ocrx_word' id='word_1_61' title='bbox 1429 731 1497 771; x_wconf 89' lang='lat' dir='ltr'><strong>ab·</strong></span> 
     </span>
     <span class='ocr_line' id='line_1_9' title="bbox 46 797 1501 860; baseline -0.003 -17"><span class='ocrx_word' id='word_1_62' title='bbox 46 803 211 858; x_wconf 87' lang='lat' dir='ltr'><strong>jectum</strong></span> <span class='ocrx_word' id='word_1_63' title='bbox 241 817 334 845; x_wconf 86' lang='lat' dir='ltr'><strong>esse</strong></span> <span class='ocrx_word' id='word_1_64' title='bbox 367 803 562 856; x_wconf 77' lang='lat' dir='ltr'><strong>videtur,</strong></span> <span class='ocrx_word' id='word_1_65' title='bbox 603 802 757 844; x_wconf 87' lang='lat' dir='ltr'><strong>deinde</strong></span> <span class='ocrx_word' id='word_1_66' title='bbox 785 801 1024 860; x_wconf 82' lang='lat' dir='ltr'><strong>paullulum</strong></span> <span class='ocrx_word' id='word_1_67' title='bbox 1051 806 1211 840; x_wconf 86' lang='lat' dir='ltr'><strong>mutato</strong></span> <span class='ocrx_word' id='word_1_68' title='bbox 1242 814 1347 840; x_wconf 89' lang='lat' dir='ltr'><strong>sono</strong></span> <span class='ocrx_word' id='word_1_69' title='bbox 1379 797 1501 855; x_wconf 86' lang='lat' dir='ltr'><strong>quasi</strong></span> 
     </span>
     <span class='ocr_line' id='line_1_10' title="bbox 54 865 1497 924; baseline -0.003 -14"><span class='ocrx_word' id='word_1_70' title='bbox 54 870 296 911; x_wconf 68' lang='lat' dir='ltr'><strong>revixisse?</strong></span> <span class='ocrx_word' id='word_1_71' title='bbox 369 870 478 912; x_wconf 87' lang='lat' dir='ltr'><strong>Rem</strong></span> <span class='ocrx_word' id='word_1_72' title='bbox 522 870 624 912; x_wconf 86' lang='lat' dir='ltr'><strong>satis</strong></span> <span class='ocrx_word' id='word_1_73' title='bbox 663 870 811 910; x_wconf 89' lang='lat' dir='ltr'><strong>miram</strong></span> <span class='ocrx_word' id='word_1_74' title='bbox 853 870 930 909; x_wconf 88' lang='lat' dir='ltr'><strong>hac</strong></span> <span class='ocrx_word' id='word_1_75' title='bbox 973 867 1137 909; x_wconf 85' lang='lat' dir='ltr'><strong>ratione</strong></span> <span class='ocrx_word' id='word_1_76' title='bbox 1180 865 1497 924; x_wconf 78' lang='lat' dir='ltr'><strong>explicaverim.</strong></span> 
     </span>
     <span class='ocr_line' id='line_1_11' title="bbox 54 932 1502 995; baseline -0.003 -17"><span class='ocrx_word' id='word_1_77' title='bbox 54 938 160 978; x_wconf 86' lang='lat' dir='ltr'>Post</span> <span class='ocrx_word' id='word_1_78' title='bbox 189 945 388 995; x_wconf 89' lang='lat' dir='ltr'><strong>quartum</strong></span> <span class='ocrx_word' id='word_1_79' title='bbox 418 938 637 979; x_wconf 84' lang='lat' dir='ltr'><strong>saeculum</strong></span> <span class='ocrx_word' id='word_1_80' title='bbox 672 937 820 979; x_wconf 87' lang='lat' dir='ltr'><strong>rudior</strong></span> <span class='ocrx_word' id='word_1_81' title='bbox 848 935 1050 992; x_wconf 74' lang='lat' dir='ltr'><strong>(ligamini</strong></span> <span class='ocrx_word' id='word_1_82' title='bbox 1079 951 1210 976; x_wconf 85' lang='lat' dir='ltr'><strong>sonus</strong></span> <span class='ocrx_word' id='word_1_83' title='bbox 1240 935 1290 975; x_wconf 87' lang='lat' dir='ltr'><strong>ab</strong></span> <span class='ocrx_word' id='word_1_84' title='bbox 1320 932 1502 974; x_wconf 85' lang='lat' dir='ltr'><strong>homini-</strong></span> 
     </span>
     <span class='ocr_line' id='line_1_12' title="bbox 52 1001 1501 1062; baseline -0.003 -17"><span class='ocrx_word' id='word_1_85' title='bbox 52 1005 135 1045; x_wconf 90' lang='lat' dir='ltr'><strong>bus</strong></span> <span class='ocrx_word' id='word_1_86' title='bbox 166 1005 310 1062; x_wconf 89' lang='lat' dir='ltr'><strong>paullo</strong></span> <span class='ocrx_word' id='word_1_87' title='bbox 341 1005 701 1062; x_wconf 72' lang='lat' dir='ltr'><strong>elegantioribus,</strong></span> <span class='ocrx_word' id='word_1_88' title='bbox 746 1004 920 1046; x_wconf 86' lang='lat' dir='ltr'><strong>urbanis</strong></span> <span class='ocrx_word' id='word_1_89' title='bbox 959 1003 1139 1044; x_wconf 79' lang='lat' dir='ltr'><strong>fortasse</strong></span> <span class='ocrx_word' id='word_1_90' title='bbox 1169 1001 1393 1055; x_wconf 83' lang='lat' dir='ltr'><strong>omnibus,</strong></span> <span class='ocrx_word' id='word_1_91' title='bbox 1437 1017 1501 1042; x_wconf 93' lang='lat' dir='ltr'><strong>re-</strong></span> 
     </span>
     <span class='ocr_line' id='line_1_13' title="bbox 55 1069 1502 1130; baseline -0.003 -18"><span class='ocrx_word' id='word_1_92' title='bbox 55 1072 153 1129; x_wconf 86' lang='lat' dir='ltr'><strong>spui</strong></span> <span class='ocrx_word' id='word_1_93' title='bbox 194 1080 372 1129; x_wconf 86' lang='lat' dir='ltr'><strong>cocptus</strong></span> <span class='ocrx_word' id='word_1_94' title='bbox 412 1080 530 1127; x_wconf 85' lang='lat' dir='ltr'><strong>erat,</strong></span> <span class='ocrx_word' id='word_1_95' title='bbox 589 1089 720 1130; x_wconf 88' lang='lat' dir='ltr'><strong>quare</strong></span> <span class='ocrx_word' id='word_1_96' title='bbox 762 1088 814 1113; x_wconf 90' lang='lat' dir='ltr'><strong>ne</strong></span> <span class='ocrx_word' id='word_1_97' title='bbox 846 1071 889 1111; x_wconf 90' lang='lat' dir='ltr'><strong>in</strong></span> <span class='ocrx_word' id='word_1_98' title='bbox 922 1070 1192 1112; x_wconf 75' lang='lat' dir='ltr'><strong>Cretensium</strong></span> <span class='ocrx_word' id='word_1_99' title='bbox 1224 1069 1395 1126; x_wconf 80' lang='lat' dir='ltr'><strong>quidem</strong></span> <span class='ocrx_word' id='word_1_100' title='bbox 1425 1084 1502 1126; x_wconf 92' lang='lat' dir='ltr'><strong>pu-</strong></span> 
     </span>
     <span class='ocr_line' id='line_1_14' title="bbox 52 1136 1499 1198; baseline -0.003 -18"><span class='ocrx_word' id='word_1_101' title='bbox 52 1139 178 1181; x_wconf 79' lang='lat' dir='ltr'><strong>blicis</strong></span> <span class='ocrx_word' id='word_1_102' title='bbox 200 1140 400 1194; x_wconf 76' lang='lat' dir='ltr'><strong>decretis,</strong></span> <span class='ocrx_word' id='word_1_103' title='bbox 433 1157 675 1198; x_wconf 80' lang='lat' dir='ltr'><strong>quanquam</strong></span> <span class='ocrx_word' id='word_1_104' title='bbox 706 1139 871 1196; x_wconf 79' lang='lat' dir='ltr'><strong>antiqui</strong></span> <span class='ocrx_word' id='word_1_105' title='bbox 902 1139 1009 1179; x_wconf 87' lang='lat' dir='ltr'><strong>situs</strong></span> <span class='ocrx_word' id='word_1_106' title='bbox 1032 1137 1189 1195; x_wconf 85' lang='lat' dir='ltr'><strong>plenis,</strong></span> <span class='ocrx_word' id='word_1_107' title='bbox 1221 1136 1499 1194; x_wconf 82' lang='lat' dir='ltr'><strong>conspicitur.</strong></span> 
     </span>
     <span class='ocr_line' id='line_1_15' title="bbox 56 1204 1505 1266; baseline -0.002 -19"><span class='ocrx_word' id='word_1_108' title='bbox 56 1207 263 1248; x_wconf 79' lang='lat' dir='ltr'><strong>Haeserat</strong></span> <span class='ocrx_word' id='word_1_109' title='bbox 291 1213 432 1249; x_wconf 85' lang='lat' dir='ltr'><strong>tamen</strong></span> <span class='ocrx_word' id='word_1_110' title='bbox 464 1209 577 1266; x_wconf 84' lang='lat' dir='ltr'><strong>apud</strong></span> <span class='ocrx_word' id='word_1_111' title='bbox 608 1206 809 1248; x_wconf 78' lang='lat' dir='ltr'><strong>rusticam</strong></span> <span class='ocrx_word' id='word_1_112' title='bbox 831 1206 1026 1264; x_wconf 80' lang='lat' dir='ltr'><strong>plebem,</strong></span> <span class='ocrx_word' id='word_1_113' title='bbox 1060 1205 1132 1245; x_wconf 86' lang='lat' dir='ltr'><strong>sed</strong></span> <span class='ocrx_word' id='word_1_114' title='bbox 1157 1204 1300 1261; x_wconf 87' lang='lat' dir='ltr'><strong>paullo</strong></span> <span class='ocrx_word' id='word_1_115' title='bbox 1321 1204 1505 1245; x_wconf 78' lang='lat' dir='ltr'><strong>crassior</strong></span> 
     </span>
     <span class='ocr_line' id='line_1_16' title="bbox 56 1271 1506 1331; baseline -0.002 -16"><span class='ocrx_word' id='word_1_116' title='bbox 56 1281 98 1315; x_wconf 87' lang='lat' dir='ltr'><strong>et</strong></span> <span class='ocrx_word' id='word_1_117' title='bbox 140 1275 288 1316; x_wconf 90' lang='lat' dir='ltr'><strong>durior</strong></span> <span class='ocrx_word' id='word_1_118' title='bbox 328 1276 482 1316; x_wconf 83' lang='lat' dir='ltr'><strong>factus.</strong></span> <span class='ocrx_word' id='word_1_119' title='bbox 556 1275 662 1316; x_wconf 89' lang='lat' dir='ltr'><strong>Inde</strong></span> <span class='ocrx_word' id='word_1_120' title='bbox 693 1281 734 1315; x_wconf 86' lang='lat' dir='ltr'><strong>ct</strong></span> <span class='ocrx_word' id='word_1_121' title='bbox 764 1273 1029 1331; x_wconf 73' lang='lat' dir='ltr'><strong>grammatici</strong></span> <span class='ocrx_word' id='word_1_122' title='bbox 1059 1272 1326 1314; x_wconf 85' lang='lat' dir='ltr'><strong>Hadriancae</strong></span> <span class='ocrx_word' id='word_1_123' title='bbox 1358 1271 1506 1312; x_wconf 83' lang='lat' dir='ltr'><strong>aetatis</strong></span> 
     </span>
     <span class='ocr_line' id='line_1_17' title="bbox 55 1339 1507 1399; baseline -0.003 -16"><span class='ocrx_word' id='word_1_124' title='bbox 55 1343 328 1399; x_wconf 88' lang='lat' dir='ltr'><strong>popularium</strong></span> <span class='ocrx_word' id='word_1_125' title='bbox 373 1342 652 1384; x_wconf 72' lang='lat' dir='ltr'><strong>dialecton-um</strong></span> <span class='ocrx_word' id='word_1_126' title='bbox 694 1342 984 1399; x_wconf 85' lang='lat' dir='ltr'><strong>cognitionem</strong></span> <span class='ocrx_word' id='word_1_127' title='bbox 1026 1340 1279 1383; x_wconf 82' lang='lat' dir='ltr'><strong>hauriebant</strong></span> <span class='ocrx_word' id='word_1_128' title='bbox 1320 1339 1507 1387; x_wconf 87' lang='lat' dir='ltr'><strong>(nullum</strong></span> 
     </span>
     <span class='ocr_line' id='line_1_18' title="bbox 55 1406 1510 1468; baseline -0.004 -17"><span class='ocrx_word' id='word_1_129' title='bbox 55 1411 169 1451; x_wconf 91' lang='lat' dir='ltr'><strong>enim</strong></span> <span class='ocrx_word' id='word_1_130' title='bbox 212 1410 421 1452; x_wconf 88' lang='lat' dir='ltr'><strong>indicium</strong></span> <span class='ocrx_word' id='word_1_131' title='bbox 461 1411 608 1464; x_wconf 85' lang='lat' dir='ltr'><strong>adest,</strong></span> <span class='ocrx_word' id='word_1_132' title='bbox 668 1410 782 1468; x_wconf 87' lang='lat' dir='ltr'><strong>apud</strong></span> <span class='ocrx_word' id='word_1_133' title='bbox 821 1409 1074 1466; x_wconf 86' lang='lat' dir='ltr'><strong>scriptorem</strong></span> <span class='ocrx_word' id='word_1_134' title='bbox 1115 1408 1300 1466; x_wconf 86' lang='lat' dir='ltr'><strong>aliquem</strong></span> <span class='ocrx_word' id='word_1_135' title='bbox 1347 1406 1454 1447; x_wconf 87' lang='lat' dir='ltr'><strong>illud</strong></span> <span class='ocrx_word' id='word_1_136' title='bbox 1483 1411 1510 1459; x_wconf 77' lang='grc' dir='ltr'>β</span> 
     </span>
     <span class='ocr_line' id='line_1_19' title="bbox 57 1475 1507 1535; baseline -0.001 -18"><span class='ocrx_word' id='word_1_137' title='bbox 57 1478 211 1518; x_wconf 85' lang='lat' dir='ltr'><strong>lectum</strong></span> <span class='ocrx_word' id='word_1_138' title='bbox 242 1494 337 1520; x_wconf 86' lang='lat' dir='ltr'><strong>esse</strong></span> <span class='ocrx_word' id='word_1_139' title='bbox 367 1485 537 1535; x_wconf 88' lang='lat' dir='ltr'><strong>praeter</strong></span> <span class='ocrx_word' id='word_1_140' title='bbox 565 1478 741 1519; x_wconf 90' lang='lat' dir='ltr'><strong>unicum</strong></span> <span class='ocrx_word' id='word_1_141' title='bbox 773 1476 1013 1531; x_wconf 68' lang='grc' dir='ltr'><em>ὀλβαχόῖυν,</em></span> <span class='ocrx_word' id='word_1_142' title='bbox 1046 1477 1161 1533; x_wconf 88' lang='lat' dir='ltr'><strong>quod</strong></span> <span class='ocrx_word' id='word_1_143' title='bbox 1191 1492 1213 1517; x_wconf 89' lang='lat' dir='ltr'><strong>e</strong></span> <span class='ocrx_word' id='word_1_144' title='bbox 1245 1475 1507 1527; x_wconf 87' lang='lat' dir='ltr'><strong>Dinolocho,</strong></span> 
     </span>
     <span class='ocr_line' id='line_1_20' title="bbox 56 1542 1508 1602; baseline -0.001 -18"><span class='ocrx_word' id='word_1_145' title='bbox 56 1545 303 1602; x_wconf 83' lang='lat' dir='ltr'><strong>Epicharmi</strong></span> <span class='ocrx_word' id='word_1_146' title='bbox 347 1560 623 1598; x_wconf 85' lang='lat' dir='ltr'><strong>successore,</strong></span> <span class='ocrx_word' id='word_1_147' title='bbox 672 1547 890 1598; x_wconf 64' lang='lat' dir='ltr'><strong>affertur),</strong></span> <span class='ocrx_word' id='word_1_148' title='bbox 948 1544 1048 1585; x_wconf 91' lang='lat' dir='ltr'><strong>indc</strong></span> <span class='ocrx_word' id='word_1_149' title='bbox 1087 1543 1212 1585; x_wconf 77' lang='lat' dir='ltr'><strong>ctiam</strong></span> <span class='ocrx_word' id='word_1_150' title='bbox 1243 1543 1287 1583; x_wconf 90' lang='lat' dir='ltr'><strong>in</strong></span> <span class='ocrx_word' id='word_1_151' title='bbox 1317 1542 1508 1598; x_wconf 80' lang='lat' dir='ltr'><strong>linguam</strong></span> 
     </span>
     <span class='ocr_line' id='line_1_21' title="bbox 57 1611 1443 1670; baseline -0.003 -17"><span class='ocrx_word' id='word_1_152' title='bbox 57 1611 404 1654; x_wconf 75' lang='lat' dir='ltr'><strong>Neo-Graecam</strong></span> <span class='ocrx_word' id='word_1_153' title='bbox 436 1613 638 1668; x_wconf 85' lang='lat' dir='ltr'><strong>digammi</strong></span> <span class='ocrx_word' id='word_1_154' title='bbox 668 1613 874 1670; x_wconf 84' lang='lat' dir='ltr'><strong>reliquiae</strong></span> <span class='ocrx_word' id='word_1_155' title='bbox 905 1612 1110 1669; x_wconf 84' lang='lat' dir='ltr'><strong>quaedam</strong></span> <span class='ocrx_word' id='word_1_156' title='bbox 1142 1617 1443 1668; x_wconf 71' lang='lat' dir='ltr'><strong>pervenerunt.</strong></span> 
     </span>
    </p>

    <p class='ocr_par' dir='ltr' id='par_1_4' title="bbox 59 1678 1515 2261">
     <span class='ocr_line' id='line_1_22' title="bbox 171 1678 1511 1738; baseline -0.003 -17"><span class='ocrx_word' id='word_1_157' title='bbox 171 1679 259 1721; x_wconf 79' lang='lat' dir='ltr'><strong>Sed</strong></span> <span class='ocrx_word' id='word_1_158' title='bbox 288 1696 340 1721; x_wconf 83' lang='lat' dir='ltr'><strong>cx</strong></span> <span class='ocrx_word' id='word_1_159' title='bbox 371 1696 457 1736; x_wconf 90' lang='lat' dir='ltr'><strong>quo</strong></span> <span class='ocrx_word' id='word_1_160' title='bbox 487 1688 677 1738; x_wconf 88' lang='lat' dir='ltr'><strong>tempore</strong></span> <span class='ocrx_word' id='word_1_161' title='bbox 707 1689 848 1722; x_wconf 85' lang='lat' dir='ltr'><strong>certus</strong></span> <span class='ocrx_word' id='word_1_162' title='bbox 879 1680 1080 1737; x_wconf 72' lang='lat' dir='ltr'><strong>(ligamini</strong></span> <span class='ocrx_word' id='word_1_163' title='bbox 1111 1694 1214 1719; x_wconf 83' lang='lat' dir='ltr'><strong>usus</strong></span> <span class='ocrx_word' id='word_1_164' title='bbox 1246 1678 1387 1718; x_wconf 86' lang='lat' dir='ltr'><strong>labare</strong></span> <span class='ocrx_word' id='word_1_165' title='bbox 1417 1692 1511 1717; x_wconf 88' lang='lat' dir='ltr'><strong>eoe-</strong></span> 
     </span>
     <span class='ocr_line' id='line_1_23' title="bbox 61 1743 1511 1804; baseline -0.003 -16"><span class='ocrx_word' id='word_1_166' title='bbox 61 1747 148 1804; x_wconf 82' lang='lat' dir='ltr'><strong>pit,</strong></span> <span class='ocrx_word' id='word_1_167' title='bbox 191 1747 247 1789; x_wconf 86' lang='lat' dir='ltr'><strong>ita</strong></span> <span class='ocrx_word' id='word_1_168' title='bbox 279 1755 326 1788; x_wconf 90' lang='lat' dir='ltr'><strong>ut</strong></span> <span class='ocrx_word' id='word_1_169' title='bbox 355 1747 480 1789; x_wconf 87' lang='lat' dir='ltr'><strong>modo</strong></span> <span class='ocrx_word' id='word_1_170' title='bbox 512 1755 777 1800; x_wconf 74' lang='lat' dir='ltr'><strong>servaretur,</strong></span> <span class='ocrx_word' id='word_1_171' title='bbox 820 1749 946 1789; x_wconf 88' lang='lat' dir='ltr'><strong>modo</strong></span> <span class='ocrx_word' id='word_1_172' title='bbox 977 1748 1261 1803; x_wconf 83' lang='lat' dir='ltr'><strong>abjiceretur,</strong></span> <span class='ocrx_word' id='word_1_173' title='bbox 1310 1752 1358 1785; x_wconf 90' lang='lat' dir='ltr'><strong>ut</strong></span> <span class='ocrx_word' id='word_1_174' title='bbox 1387 1744 1436 1785; x_wconf 82' lang='lat' dir='ltr'><strong>fit</strong></span> <span class='ocrx_word' id='word_1_175' title='bbox 1465 1743 1511 1784; x_wconf 89' lang='lat' dir='ltr'><strong>in</strong></span> 
     </span>
     <span class='ocr_line' id='line_1_24' title="bbox 60 1813 1508 1870; baseline -0.003 -15"><span class='ocrx_word' id='word_1_176' title='bbox 60 1815 134 1856; x_wconf 89' lang='lat' dir='ltr'><strong>tali</strong></span> <span class='ocrx_word' id='word_1_177' title='bbox 164 1815 250 1855; x_wconf 89' lang='lat' dir='ltr'><strong>oris</strong></span> <span class='ocrx_word' id='word_1_178' title='bbox 281 1814 574 1870; x_wconf 88' lang='lat' dir='ltr'><strong>dubitatione,</strong></span> <span class='ocrx_word' id='word_1_179' title='bbox 623 1816 837 1857; x_wconf 88' lang='lat' dir='ltr'><strong>interdum</strong></span> <span class='ocrx_word' id='word_1_180' title='bbox 875 1816 1000 1857; x_wconf 84' lang='lat' dir='ltr'><strong>ctiam</strong></span> <span class='ocrx_word' id='word_1_181' title='bbox 1031 1830 1180 1857; x_wconf 84' lang='lat' dir='ltr'><strong>recens</strong></span> <span class='ocrx_word' id='word_1_182' title='bbox 1211 1813 1399 1855; x_wconf 83' lang='lat' dir='ltr'><strong>additum</strong></span> <span class='ocrx_word' id='word_1_183' title='bbox 1430 1818 1508 1852; x_wconf 86' lang='lat' dir='ltr'><strong>est.</strong></span> 
     </span>
     <span class='ocr_line' id='line_1_25' title="bbox 59 1880 1509 1941; baseline -0.003 -18"><span class='ocrx_word' id='word_1_184' title='bbox 59 1883 121 1923; x_wconf 88' lang='lat' dir='ltr'><strong>lta</strong></span> <span class='ocrx_word' id='word_1_185' title='bbox 162 1882 206 1923; x_wconf 90' lang='lat' dir='ltr'><strong>in</strong></span> <span class='ocrx_word' id='word_1_186' title='bbox 248 1884 325 1931; x_wconf 54' lang='lat' dir='ltr'><strong>Fr}</strong></span> <span class='ocrx_word' id='word_1_187' title='bbox 363 1898 443 1940; x_wconf 89' lang='lat' dir='ltr'><strong>pro</strong></span> <span class='ocrx_word' id='word_1_188' title='bbox 484 1886 524 1932; x_wconf 72' lang='grc' dir='ltr'><strong>ἕξ</strong></span> <span class='ocrx_word' id='word_1_189' title='bbox 564 1884 745 1941; x_wconf 84' lang='lat' dir='ltr'><strong>ejusque</strong></span> <span class='ocrx_word' id='word_1_190' title='bbox 787 1883 987 1925; x_wconf 72' lang='lat' dir='ltr'><strong>derivatis</strong></span> <span class='ocrx_word' id='word_1_191' title='bbox 1029 1882 1142 1940; x_wconf 87' lang='lat' dir='ltr'><strong>apud</strong></span> <span class='ocrx_word' id='word_1_192' title='bbox 1180 1880 1509 1932; x_wconf 82' lang='lat' dir='ltr'><strong>Heraclceuses,</strong></span> 
     </span>
     <span class='ocr_line' id='line_1_26' title="bbox 64 1946 1513 2005; baseline -0.001 -15"><span class='ocrx_word' id='word_1_193' title='bbox 64 1950 218 1991; x_wconf 84' lang='lat' dir='ltr'><strong>deinde</strong></span> <span class='ocrx_word' id='word_1_194' title='bbox 251 1951 294 1991; x_wconf 89' lang='lat' dir='ltr'><strong>in</strong></span> <span class='ocrx_word' id='word_1_195' title='bbox 327 1952 492 1991; x_wconf 58' lang='lat' dir='ltr'><strong>Ftozlm</strong></span> <span class='ocrx_word' id='word_1_196' title='bbox 523 1960 563 1992; x_wconf 88' lang='lat' dir='ltr'><strong>et</strong></span> <span class='ocrx_word' id='word_1_197' title='bbox 593 1953 741 1999; x_wconf 71' lang='grc' dir='ltr'><strong>Έοῖτος</strong></span> <span class='ocrx_word' id='word_1_198' title='bbox 772 1954 856 2002; x_wconf 89' lang='lat' dir='ltr'><strong>(nr.</strong></span> <span class='ocrx_word' id='word_1_199' title='bbox 880 1952 952 2004; x_wconf 81' lang='lat'><strong>8),</strong></span> <span class='ocrx_word' id='word_1_200' title='bbox 985 1951 1021 1992; x_wconf 83' lang='lat' dir='ltr'><strong>si</strong></span> <span class='ocrx_word' id='word_1_201' title='bbox 1051 1956 1165 1991; x_wconf 84' lang='lat' dir='ltr'><strong>recte</strong></span> <span class='ocrx_word' id='word_1_202' title='bbox 1196 1947 1415 2005; x_wconf 67' lang='lat' dir='ltr'><strong>Hcsyclnio</strong></span> <span class='ocrx_word' id='word_1_203' title='bbox 1445 1946 1513 1990; x_wconf 87' lang='lat' dir='ltr'><strong>usi</strong></span> 
     </span>
     <span class='ocr_line' id='line_1_27' title="bbox 60 2014 1512 2075; baseline -0.003 -17"><span class='ocrx_word' id='word_1_204' title='bbox 60 2034 236 2071; x_wconf 83' lang='lat' dir='ltr'><strong>sumus,</strong></span> <span class='ocrx_word' id='word_1_205' title='bbox 282 2025 498 2075; x_wconf 85' lang='lat' dir='ltr'><strong>postremo</strong></span> <span class='ocrx_word' id='word_1_206' title='bbox 528 2019 572 2060; x_wconf 87' lang='lat' dir='ltr'><strong>in</strong></span> <span class='ocrx_word' id='word_1_207' title='bbox 604 2018 819 2060; x_wconf 89' lang='lat' dir='ltr'><strong>Laconico</strong></span> <span class='ocrx_word' id='word_1_208' title='bbox 850 2018 1004 2072; x_wconf 56' lang='grc' dir='ltr'><strong>(ἐαγός,</strong></span> <span class='ocrx_word' id='word_1_209' title='bbox 1053 2017 1235 2059; x_wconf 89' lang='lat' dir='ltr'><strong>Creticis</strong></span> <span class='ocrx_word' id='word_1_210' title='bbox 1267 2014 1512 2069; x_wconf 77' lang='grc' dir='ltr'><em>βαλικιώτας</em></span> 
     </span>
     <span class='ocr_line' id='line_1_28' title="bbox 62 2085 1513 2144; baseline -0.002 -19"><span class='ocrx_word' id='word_1_211' title='bbox 62 2092 104 2125; x_wconf 90' lang='lat' dir='ltr'><strong>et</strong></span> <span class='ocrx_word' id='word_1_212' title='bbox 133 2087 421 2139; x_wconf 69' lang='grc' dir='ltr'><strong>ρἀσκαρίζειν,</strong></span> <span class='ocrx_word' id='word_1_213' title='bbox 453 2086 525 2128; x_wconf 91' lang='lat' dir='ltr'><strong>ubi</strong></span> <span class='ocrx_word' id='word_1_214' title='bbox 557 2094 628 2127; x_wconf 90' lang='lat' dir='ltr'><strong>aut</strong></span> <span class='ocrx_word' id='word_1_215' title='bbox 659 2087 800 2144; x_wconf 87' lang='lat' dir='ltr'><strong>ipsum</strong></span> <span class='ocrx_word' id='word_1_216' title='bbox 821 2092 848 2139; x_wconf 73' lang='grc' dir='ltr'><em>β</em></span> <span class='ocrx_word' id='word_1_217' title='bbox 878 2086 1007 2127; x_wconf 89' lang='lat' dir='ltr'><strong>simili</strong></span> <span class='ocrx_word' id='word_1_218' title='bbox 1038 2086 1201 2127; x_wconf 85' lang='lat' dir='ltr'><strong>ratione</strong></span> <span class='ocrx_word' id='word_1_219' title='bbox 1233 2085 1400 2126; x_wconf 78' lang='lat' dir='ltr'><strong>affixum</strong></span> <span class='ocrx_word' id='word_1_220' title='bbox 1431 2089 1513 2134; x_wconf 87' lang='lat' dir='ltr'><strong>cst,</strong></span> 
     </span>
     <span class='ocr_line' id='line_1_29' title="bbox 63 2150 1515 2212; baseline -0.001 -20"><span class='ocrx_word' id='word_1_221' title='bbox 63 2159 135 2192; x_wconf 83' lang='lat' dir='ltr'><strong>aut</strong></span> <span class='ocrx_word' id='word_1_222' title='bbox 173 2152 412 2208; x_wconf 81' lang='lat' dir='ltr'><strong>digamma,</strong></span> <span class='ocrx_word' id='word_1_223' title='bbox 472 2154 586 2211; x_wconf 89' lang='lat' dir='ltr'><strong>quod</strong></span> <span class='ocrx_word' id='word_1_224' title='bbox 625 2154 764 2212; x_wconf 89' lang='lat' dir='ltr'><strong>primo</strong></span> <span class='ocrx_word' id='word_1_225' title='bbox 810 2154 997 2195; x_wconf 86' lang='lat' dir='ltr'><strong>additum</strong></span> <span class='ocrx_word' id='word_1_226' title='bbox 1039 2160 1154 2207; x_wconf 87' lang='lat' dir='ltr'><strong>erat,</strong></span> <span class='ocrx_word' id='word_1_227' title='bbox 1211 2159 1359 2210; x_wconf 85' lang='lat' dir='ltr'><strong>postea</strong></span> <span class='ocrx_word' id='word_1_228' title='bbox 1402 2150 1446 2191; x_wconf 89' lang='lat' dir='ltr'><strong>in</strong></span> <span class='ocrx_word' id='word_1_229' title='bbox 1489 2154 1515 2200; x_wconf 73' lang='grc' dir='ltr'><em>β</em></span> 
     </span>
     <span class='ocr_line' id='line_1_30' title="bbox 61 2219 242 2261; baseline 0 -1"><span class='ocrx_word' id='word_1_230' title='bbox 61 2219 242 2261; x_wconf 85' lang='lat' dir='ltr'><strong>transiit.</strong></span> 
     </span>
    </p>
   </div>
   <div class='ocr_carea' id='block_1_3' title="bbox 416 2353 1161 2523">
    <p class='ocr_par' dir='ltr' id='par_1_5' title="bbox 416 2353 1161 2523">
     <span class='ocr_line' id='line_1_31' title="bbox 416 2353 1161 2408; baseline 0.001 -3"><span class='ocrx_word' id='word_1_231' title='bbox 416 2353 531 2406; x_wconf 75' lang='lat' dir='ltr'><strong>De</strong></span> <span class='ocrx_word' id='word_1_232' title='bbox 569 2355 1161 2408; x_wconf 77' lang='lat' dir='ltr'><strong>consonantibus.</strong></span> 
     </span>
     <span class='ocr_line' id='line_1_32' title="bbox 727 2470 845 2523; baseline 0.017 -12"><span class='ocrx_word' id='word_1_233' title='bbox 727 2470 767 2523; x_wconf 64' lang='lat' dir='ltr'><strong>g.</strong></span> <span class='ocrx_word' id='word_1_234' title='bbox 805 2471 845 2513; x_wconf 83' lang='lat'><strong>6.</strong></span> 
     </span>
    </p>
   </div>
   <div class='ocr_carea' id='block_1_4' title="bbox 68 2561 1511 2813">
    <p class='ocr_par' dir='ltr' id='par_1_6' title="bbox 68 2561 1511 2813">
     <span class='ocr_line' id='line_1_33' title="bbox 631 2561 945 2602; baseline 0.006 -11"><span class='ocrx_word' id='word_1_235' title='bbox 631 2561 707 2592; x_wconf 77' lang='lat' dir='ltr'><strong>De</strong></span> <span class='ocrx_word' id='word_1_236' title='bbox 740 2573 759 2592; x_wconf 86' lang='grc' dir='ltr'><strong><em>τ</em></strong></span> <span class='ocrx_word' id='word_1_237' title='bbox 793 2571 882 2602; x_wconf 79' lang='lat' dir='ltr'><strong>pro</strong></span> <span class='ocrx_word' id='word_1_238' title='bbox 917 2572 945 2593; x_wconf 84' lang='grc' dir='ltr'><strong>σ.</strong></span> 
     </span>
     <span class='ocr_line' id='line_1_34' title="bbox 181 2616 1511 2676; baseline -0.004 -16"><span class='ocrx_word' id='word_1_239' title='bbox 181 2621 223 2670; x_wconf 85' lang='lat' dir='ltr'><strong>l)</strong></span> <span class='ocrx_word' id='word_1_240' title='bbox 282 2619 399 2660; x_wconf 85' lang='lat' dir='ltr'><strong>Inter</strong></span> <span class='ocrx_word' id='word_1_241' title='bbox 441 2621 767 2663; x_wconf 81' lang='lat' dir='ltr'><strong>consonantium</strong></span> <span class='ocrx_word' id='word_1_242' title='bbox 812 2623 1068 2664; x_wconf 81' lang='lat' dir='ltr'><strong>mutationes</strong></span> <span class='ocrx_word' id='word_1_243' title='bbox 1107 2636 1198 2662; x_wconf 87' lang='lat' dir='ltr'><strong>eam</strong></span> <span class='ocrx_word' id='word_1_244' title='bbox 1237 2618 1375 2676; x_wconf 89' lang='lat' dir='ltr'><strong>primo</strong></span> <span class='ocrx_word' id='word_1_245' title='bbox 1418 2616 1511 2657; x_wconf 90' lang='lat' dir='ltr'><strong>loco</strong></span> 
     </span>
     <span class='ocr_line' id='line_1_35' title="bbox 68 2684 1511 2747; baseline -0.003 -21"><span class='ocrx_word' id='word_1_246' title='bbox 68 2687 476 2727; x_wconf 85' lang='lat' dir='ltr'><strong>commemorandam</strong></span> <span class='ocrx_word' id='word_1_247' title='bbox 519 2687 740 2742; x_wconf 84' lang='lat' dir='ltr'><strong>ducimus,</strong></span> <span class='ocrx_word' id='word_1_248' title='bbox 786 2705 893 2747; x_wconf 87' lang='lat' dir='ltr'><strong>quae</strong></span> <span class='ocrx_word' id='word_1_249' title='bbox 925 2697 966 2731; x_wconf 86' lang='lat' dir='ltr'><strong>ct</strong></span> <span class='ocrx_word' id='word_1_250' title='bbox 995 2689 1194 2729; x_wconf 83' lang='lat' dir='ltr'><strong>omnibus</strong></span> <span class='ocrx_word' id='word_1_251' title='bbox 1223 2684 1511 2727; x_wconf 84' lang='lat' dir='ltr'><strong>Doriensibus</strong></span> 
     </span>
     <span class='ocr_line' id='line_1_36' title="bbox 69 2751 1506 2813; baseline -0.001 -21"><span class='ocrx_word' id='word_1_252' title='bbox 69 2753 304 2793; x_wconf 86' lang='lat' dir='ltr'><strong>communis</strong></span> <span class='ocrx_word' id='word_1_253' title='bbox 346 2760 410 2795; x_wconf 88' lang='lat' dir='ltr'><strong>cst</strong></span> <span class='ocrx_word' id='word_1_254' title='bbox 448 2760 489 2795; x_wconf 82' lang='lat' dir='ltr'><strong>et</strong></span> <span class='ocrx_word' id='word_1_255' title='bbox 517 2755 651 2813; x_wconf 81' lang='lat' dir='ltr'><strong>magis</strong></span> <span class='ocrx_word' id='word_1_256' title='bbox 681 2772 807 2813; x_wconf 85' lang='lat' dir='ltr'><strong>quam</strong></span> <span class='ocrx_word' id='word_1_257' title='bbox 838 2757 924 2798; x_wconf 89' lang='lat' dir='ltr'><strong>ulla</strong></span> <span class='ocrx_word' id='word_1_258' title='bbox 954 2757 1036 2797; x_wconf 87' lang='lat' dir='ltr'><strong>alia</strong></span> <span class='ocrx_word' id='word_1_259' title='bbox 1066 2754 1274 2796; x_wconf 86' lang='lat' dir='ltr'><strong>Doridem</strong></span> <span class='ocrx_word' id='word_1_260' title='bbox 1305 2768 1328 2793; x_wconf 88' lang='lat' dir='ltr'><strong>a</strong></span> <span class='ocrx_word' id='word_1_261' title='bbox 1358 2751 1506 2809; x_wconf 84' lang='lat' dir='ltr'><strong>pleris-</strong></span> 
     </span>
    </p>
   </div>
  </div>
 </body>
</html>
