1779 3079
233 155 330 205 432
394 154 437 215 §.
455 154 536 204 50.
564 155 637 203 De
649 152 849 202 Doridis
864 170 1100 219 generum
1116 163 1162 201 et
1179 154 1452 217 specierum
1474 155 1675 222 origine.

232 290 539 349 Agrigentinis
570 289 697 332 etiam
725 290 852 332 tertio
883 290 1056 332 saeculo
1083 298 1247 333 servata
1270 298 1383 341 erat,
1417 308 1549 350 quum
1571 291 1679 335 Gela

232 376 272 402 a.
304 359 387 402 687
417 357 588 401 condita
620 365 749 400 esset.
810 357 927 399 Hine
956 358 1141 416 primuni
1172 358 1452 415 intelligitur,
1483 359 1680 403 Rhodios

226 429 318 483 jani
348 427 521 485 septimi
552 426 715 468 sacculi
743 425 870 468 initio
899 426 1078 468 minutis
1109 425 1366 483 quibusdam
1391 427 1544 478 rebus,
1578 443 1680 486 qua-

231 513 328 537 rum
355 494 610 553 gravissima
641 501 708 536 est
734 493 1047 536 infinitivorum
1075 494 1320 536 terminatio
1350 511 1437 547 μειν
1465 501 1513 535 ut
1541 496 1680 549 εἴμειν,

235 579 257 604 a
287 563 457 621 reliqua
496 562 667 610 mitiore
695 561 860 604 Doride
899 562 1108 604 discretos
1150 562 1317 617 fuisse3
1362 561 1518 604 deinde
1560 562 1682 605 nullo

233 631 493 673 documento
530 630 796 672 luculentius
835 638 1035 688 apparet,
1085 637 1242 688 quanta
1281 630 1404 687 quasi
1444 629 1682 688 pertinacia

232 715 335 740 suae
367 698 552 757 quisque
582 699 771 755 populus
791 698 1042 755 proprietati
1062 698 1238 754 linguae
1260 698 1518 752 adhaeserit,
1549 712 1682 756 quum

232 783 288 808 ne
319 766 530 808 Gelenses
562 766 737 823 quidem
767 773 809 806 et
838 765 1119 823 Agrigentini
1157 781 1235 822 per
1270 773 1333 807 tot
1362 766 1504 807 varios
1535 781 1680 818 casus,

233 850 477 892 quanquam
510 832 769 889 alienigenis
793 832 1043 874 hominibus
1075 832 1189 872 haud
1216 834 1366 889 paucis
1395 834 1441 874 in
1466 833 1683 875 civitatem

233 902 419 960 receptis
451 909 492 943 et
513 900 801 957 Syracusanis
828 915 905 956 per
925 899 1194 957 aliquantum
1224 899 1429 956 temporis
1460 900 1681 942 dominan-

232 970 374 1019 tibus,
421 969 474 1010 ad
502 968 771 1025 reliquorum
804 967 1051 1010 Siculorum
1090 966 1284 1023 linguam
1314 966 1589 1009 desciverint.
1629 994 1684 1001 -

233 1037 302 1079 De
341 1036 524 1095 reliquis
564 1036 791 1096 utriusque
821 1035 1003 1079 Doridis
1044 1035 1272 1094 speciebus
1311 1035 1423 1077 nihil
1460 1034 1682 1088 habemus,

233 1104 350 1163 quod
379 1104 449 1146 hie
480 1103 702 1146 addamus.
