1779 3079
503 239 577 287 Ad
615 240 827 288 Librum
864 238 1104 286 Primum.
1430 240 1530 289 499

85 374 310 428 ειῗηᾳενής,
354 373 470 431 quod
499 373 815 431 Aristophanes
854 379 895 413 ct
935 371 1133 415 Rhianus
1170 373 1367 430 legerunt
1397 374 1527 416 Hom.

82 444 138 486 ll.
169 456 219 496 ψ,
252 443 321 485 81.
384 440 585 483 Ceterum
619 438 876 492 Πολυδεύκη,
907 439 1112 494 Edu-sam,
1142 441 1392 497 Ἑρμογένη,
1422 441 1528 493 'Aug

81 509 267 567 genitivi
298 525 394 552 esse
424 509 624 551 videntur
651 524 674 549 a
703 507 1021 564 praepositione
1053 507 1120 549 διά
1156 508 1188 550 l.
1219 509 1245 551 6
1274 508 1530 567 pendenteS,

82 578 213 635 idque
252 585 414 619 certum
454 585 545 629 cst,
593 575 630 617 si
670 581 785 615 recte
824 574 856 615 l.
893 574 945 616 10
981 577 1207 625 &samaim
1250 579 1452 630 Σίμμιδος
1491 586 1534 619 et

82 645 114 687 l.
142 645 194 687 12
228 644 472 693 Γλαύκωνος
499 643 720 696 Ἀγνωνείω
752 641 1035 683 correximus.
1096 643 1212 684 Tum
1243 645 1359 686 enim
1390 646 1534 687 omnia

80 713 255 754 nomina
283 712 354 754 hic
384 719 587 768 cong-esta
628 708 820 768 genitivo
865 725 967 751 casu
1005 709 1069 751 uti
1109 720 1308 768 apparet,
1356 713 1408 755 de
1447 729 1533 757 me-

80 779 279 821 moi-abili
317 778 618 822 terminatione
656 777 753 819 vide
793 777 904 819 infra
944 777 997 819 ad
1036 793 1080 835 p.
1115 778 1211 819 116.
1254 803 1307 809 —
1365 780 1534 823 Nomen

80 845 278 901 Ἐχέλας,
311 847 428 905 quod
455 845 722 888 restituimus
754 845 786 887 l.
822 846 898 898 10,
944 845 997 887 ab
1027 845 1192 887 Echela
1225 845 1393 889 Orestis
1422 848 1531 902 filio,

79 914 262 971 adquem
290 914 553 957 Lesbiorum
581 913 802 972 principes
825 912 1038 969 originem
1063 913 1323 968 referebant,
1357 913 1533 958 ductum

79 990 297 1040 putamus.
382 981 553 1023 Deinde
599 980 856 1038 scripsimus
909 982 1139 1031 Θεοκλείω,
1198 997 1445 1039 quanquam
1489 983 1534 1023 in

81 1050 329 1108 apographo
359 1049 472 1092 inter
501 1054 525 1089 l
553 1056 594 1090 et
629 1051 669 1088 Ω
701 1048 853 1090 lacuna
886 1055 976 1101 est,
1019 1048 1202 1090 minoris
1232 1056 1374 1091 tamen
1405 1050 1535 1108 spatii

81 1133 209 1175 quam
240 1134 327 1175 quo
358 1125 577 1174 praeterea
607 1116 759 1158 literae
800 1116 981 1159 omissio
1021 1116 1315 1173 significatur,
1357 1116 1536 1160 Lebasii

89 1184 314 1226 Θεόκλειτω
346 1184 583 1228 secundum
616 1183 788 1225 Jialecti
821 1185 943 1240 leges
984 1183 1199 1234 Θεοκλήτω
1230 1199 1324 1227 esse
1355 1184 1537 1226 debebat

81 1251 169 1293 Yid.
205 1252 259 1293 L.
278 1253 298 1293 I
329 1252 370 1305 ξ.
398 1254 467 1305 14,
497 1254 524 1294 2
555 1260 596 1293 et
625 1252 680 1293 L.
700 1252 743 1294 Π
770 1253 812 1305 ξ
837 1252 909 1302 25,
944 1253 983 1294 ’1.
1043 1252 1141 1294 Jam
1172 1267 1274 1294 vero
1303 1252 1536 1294 ῘΡΙὲλαντάω

79 1320 113 1361 l.
138 1321 190 1371 4,
221 1321 487 1371 Λαμοὸικείω
519 1321 549 1361 l.
583 1320 634 1368 9,
676 1322 876 1362 &soniam
906 1320 938 1361 l.
973 1319 1054 1373 10,
1084 1320 1310 1373 Ἃγιιωιιείω
1342 1320 1373 1362 l.
1399 1321 1454 1363 12
1483 1320 1536 1362 ad

80 1386 336 1429 Boeoticum
368 1396 409 1429 ct
438 1388 742 1429 Thessalicum
782 1387 1176 1445 patronymicorum
1217 1403 1357 1445 genus
1386 1388 1532 1430 referi-

80 1470 204 1507 mus,
265 1471 351 1513 quo
390 1463 597 1513 cognatos
629 1455 817 1497 Lesbios
856 1471 959 1497 usos
990 1472 1086 1498 esse
1131 1471 1218 1498 non
1250 1456 1408 1498 mirum
1440 1463 1535 1509 estg,

80 1538 222 1580 neque
267 1523 405 1565 obstat
447 1523 562 1581 quod
607 1522 651 1563 in
696 1522 937 1574 Πολυδεύκη
982 1525 1185 1577 ,Ηὲγωνος
1227 1531 1269 1565 et
1305 1524 1533 1578 ξΕρμογείιη

79 1589 293 1646 Ἀὁράστω
310 1598 476 1648 patrum
500 1591 674 1633 uomina
705 1591 898 1649 genitivo
918 1606 1020 1632 casu
1045 1599 1241 1645 utuntur,
1275 1607 1406 1649 quum
1423 1598 1535 1632 utra-

79 1674 165 1716 que
194 1658 302 1700 ratio
334 1675 421 1700 nou
451 1659 595 1700 minus
626 1666 784 1700 temere
805 1658 936 1700 mixta
960 1658 1309 1716 deprehendatur
1340 1659 1384 1700 in
1409 1658 1537 1700 titulo

82 1726 373 1769 Orchomenio
416 1726 501 1768 vid.
550 1727 652 1768 infr.
696 1727 748 1768 ad
793 1744 836 1785 p.
869 1727 968 1770 215.
1051 1726 1254 1768 Ceterum
1292 1727 1442 1768 confer
1483 1726 1535 1767 de

80 1793 173 1836 illis
214 1794 523 1852 patronymicis
568 1796 608 1848 ξ.
650 1795 706 1837 48
751 1802 792 1836 et
831 1794 943 1836 infra
987 1794 1104 1836 Add.
1151 1794 1205 1836 ad
1248 1811 1292 1852 p.
1333 1796 1433 1838 215.
1481 1819 1534 1825 —

80 1861 250 1904 Nomen
269 1863 443 1916 Σίμμις,
476 1863 593 1920 quod
622 1862 851 1916 finximus,
885 1878 907 1903 e
928 1863 1107 1915 Σιμμίας
1139 1870 1285 1904 natum
1317 1864 1534 1916 volumus,

80 1930 210 1984 cujus
257 1930 446 1972 nominis
489 1945 590 1987 prae
636 1931 790 1972 ceteris
833 1929 1069 1972 Thebanus
1111 1931 1241 1971 homo
1280 1936 1408 1971 notus
1451 1938 1533 1971 est.

81 1996 521 2055 Scamandronymum
572 1997 818 2055 Sapphonis
868 2005 1030 2055 patrem
1086 1997 1294 2054 appellari
1350 2004 1531 2039 constat.

80 2063 295 2107 Lebasius
324 2066 432 2107 mira
465 2065 692 2108 somniavit
722 2065 773 2107 de
805 2064 1058 2107 Scamandri
1088 2063 1211 2105 fluvii
1240 2063 1350 2106 filio.

191 2147 236 2189 p.
270 2133 296 2174 7
337 2148 404 2174 nr.
437 2134 478 2175 3.
542 2132 754 2191 Opinioni
785 2139 958 2174 nostrae
978 2163 991 2186 ,
1023 2132 1235 2174 Alcaeum
1267 2138 1309 2173 et
1339 2130 1534 2189 Sappho·

81 2215 182 2241 nem
211 2215 319 2257 pura
359 2200 540 2242 dialecto
572 2200 787 2243 Lesbiaca
830 2215 934 2242 usos
976 2215 1074 2243 esse
1114 2215 1257 2257 neque
1297 2199 1534 2256 quidquam

82 2283 137 2308 ex
165 2266 287 2324 epica
316 2266 682 2317 intermiscuisse,
716 2267 1081 2310 Schneidewinus
1111 2276 1260 2309 noster
1283 2265 1534 2308 adversatus

83 2342 150 2378 est
177 2334 404 2392 Ephemm.
439 2334 556 2376 Gott.
601 2336 704 2378 1841
746 2352 789 2393 p.
825 2336 951 2378 1519.
1027 2335 1097 2376 Ad
1137 2334 1392 2375 Alcmanem
1433 2350 1534 2391 pro-

82 2409 230 2456 vocat,
277 2402 354 2459 qui
398 2402 658 2445 Laconicam
700 2402 932 2444 dialectum
977 2401 1099 2458 epica
1140 2401 1423 2458 temperavit,
1480 2401 1534 2443 ad

86 2469 347 2522 Corinnam,
380 2485 489 2527 quae
519 2470 565 2511 in
596 2471 853 2512 hexametris
885 2469 1007 2526 epica
1037 2467 1221 2510 dialecto
1251 2483 1328 2510 usa
1359 2475 1449 2523 est,
1481 2469 1534 2510 ad

83 2536 322 2589 Erinnam,
354 2536 481 2592 cujus
511 2536 555 2578 in
585 2536 784 2595 reliquiis
813 2551 930 2578 nunc
961 2535 1271 2593 superstitibus
1302 2535 1413 2578 nihil
1442 2536 1533 2578 sere

86 2603 290 2645 Lesbiaci
332 2603 476 2645 inesse
523 2603 726 2647 diximus.
813 2602 934 2657 Quid
971 2618 1074 2645 vero
1115 2618 1168 2645 ex
1209 2602 1279 2644 his
1323 2602 1533 2660 exemplis

85 2670 238 2727 colligi
276 2672 455 2729 potest?
528 2670 680 2728 Neque
720 2672 833 2713 enim
864 2670 958 2713 fieri
987 2686 1075 2712 non
1104 2669 1325 2728 potuisse,
1371 2677 1418 2711 ut
1449 2670 1532 2712 Le-

86 2738 222 2780 sbiaci
250 2743 402 2796 potitae
432 2738 553 2796 epica
583 2737 790 2796 quaedam
821 2738 1121 2790 admitterent,
1178 2737 1253 2779 sed
1283 2752 1370 2779 non
1401 2737 1533 2780 admi-

88 2805 199 2848 sisse
229 2805 486 2863 optimorum
511 2805 696 2847 fontium
719 2805 969 2849 auctoritate
994 2804 1146 2848 confisi
1164 2804 1534 2849 contenderamus.

1205 2889 1286 2930 32*
