1779 3079
342 207 447 256 VII.
507 208 775 255 Decretum
811 207 1246 273 Amphictyonum.
1425 208 1519 258 491

0 336 16 376 [3-
68 339 209 383 levior
238 347 304 383 est
333 348 375 383 et
403 341 664 384 antecedens
693 359 754 390 τις
784 341 930 399 potius
950 342 1219 400 singularem
1241 343 1525 397 καταβαλλέτω

0 424 16 453 2,
71 411 326 468 postularet.
402 410 564 452 Ultima
593 410 646 451 Β.
679 409 725 451 iu
754 410 871 451 hunc
899 410 1072 452 modum
1106 412 1305 469 supplet:
1350 411 1524 465 Ἀμᾳ[ι-

73 480 283 526 mamae
319 480 486 530 πομπᾶς
527 478 597 519 ἅδε
626 477 761 518 ἔστωῗ
835 477 896 518 At
927 478 978 519 de
1009 494 1165 537 pompa
1196 479 1308 522 nihil
1338 479 1527 538 legimus

72 553 114 588 et
152 545 368 587 intellexit
407 546 502 604 ipse
531 546 588 588 V.
623 544 721 599 CL,
767 544 812 586 in
853 545 1062 603 proximis
1096 546 1147 588 de
1176 548 1306 589 unius
1335 547 1526 589 hominiS

12 614 15 618 '
72 613 143 656 vel
171 613 318 670 potius
351 613 571 656 simulacri
602 620 754 654 ornatu
785 613 882 670 agi,
925 613 1040 670 quod
1073 615 1216 656 herois
1249 617 1528 658 simulacrum

1 716 16 755 l
73 681 212 723 fuisse
244 690 285 724 et
314 681 490 739 singula
519 689 766 723 ornamenta
796 681 985 739 produnt
1015 688 1056 723 ct
1093 698 1175 723 vox
1215 683 1354 737 ἥρωος·
1390 683 1421 725 l.
1454 684 1525 726 32.

6 739 7 749 ¹
74 749 216 802 Quem
245 765 346 792 vero
376 749 509 791 alium
526 750 701 791 heroem
722 750 775 791 ab
791 749 1192 806 Amphictyonibus
1214 757 1332 792 tanto
1353 758 1527 809 sumptu

74 824 279 859 statutum
313 817 451 859 fuisse
483 816 657 859 facilius
688 817 926 859 credideris
967 834 1094 874 quam
1134 833 1393 875 eponymum
1422 820 1527 860 Am-

71 885 375 944 phictyonem,
409 886 486 944 qui
515 884 738 926 Herodoto
760 885 866 938 Vll,
896 886 980 928 2οθ
1010 892 1120 928 teste
1151 886 1366 927 Anthelae
1396 901 1529 943 prope

72 954 444 1011 Amphictyonum
479 953 605 995 sedes
635 952 783 996 aedem
810 953 1008 995 habebat.
1069 953 1217 1009 Hujus
1246 953 1382 1011 igitur
1411 969 1433 994 e
1452 968 1529 994 no-

73 1020 190 1062 mine
222 1021 369 1063 literas
400 1021 517 1075 Ἀμφ
558 1021 811 1079 superstites
853 1038 949 1064 esse
981 1021 1290 1063 intelleximus,
1351 1020 1420 1063 De
1451 1019 1529 1062 oh-

0 1128 6 1131 .
73 1088 265 1131 scuriore
290 1104 394 1131 voce
416 1091 558 1140 ὃῶτις,
592 1105 701 1148 quae
732 1097 928 1131 ornatum
960 1089 1180 1132 simulacri
1210 1097 1283 1131 aut
1312 1089 1529 1147 impensas

73 1156 120 1198 in
152 1173 251 1199 eum
279 1157 591 1215 impendendas
625 1156 872 1215 significare
903 1157 1101 1212 videtur,
1133 1159 1189 1200 cf.
1222 1158 1415 1215 Hesych.
1450 1158 1530 1197 δαῖ-

0 1210 13 1231 ss
73 1243 159 1275 τις,
194 1224 300 1279 ὁώς,
333 1224 478 1280 φερνή.

0 870 12 892 U

4 1346 12 1369 e
185 1327 268 1370 Vs.
293 1327 345 1370 31
368 1327 560 1386 Apogrr.
586 1327 845 1382 πορνάματα.
908 1327 959 1369 In
989 1327 1074 1368 fine
1106 1326 1157 1368 B.
1193 1326 1365 1385 supplet
1392 1325 1529 1378 π[λέον

76 1397 118 1437 δὲ
147 1398 226 1437 τῶν
256 1396 435 1437 ἐνταῦθα
465 1396 747 1449 γεγραμμένων
777 1395 830 1449 μή
865 1395 983 1449 δόμεν
1014 1395 1185 1449 fut-deni?

184 1497 265 1540 Vs.
284 1498 354 1541 32.
415 1496 484 1540 De
513 1497 622 1539 bove
652 1498 783 1540 heroe
812 1496 1033 1539 Boeckhio
1065 1513 1152 1539 non
1181 1495 1422 1548 credimus,
1453 1509 1527 1536 ne-

6 1576 11 1592 ⁶
76 1581 161 1624 quc
190 1573 334 1608 tamen
362 1567 460 1609 loco
490 1565 748 1608 difficillimo
789 1565 1058 1624 expediendo
1090 1564 1175 1623 ipsi
1204 1580 1329 1622 pares
1362 1578 1524 1605 sumus.

188 1669 269 1712 Vs.
302 1670 357 1712 34
386 1669 440 1711 Β.
480 1668 614 1711 θύειν.
673 1669 787 1711 Mira
816 1669 951 1711 forma
982 1676 1046 1710 est
1073 1667 1286 1725 τρικτεὺα,
1340 1667 1412 1709 cui
1440 1684 1527 1720 τρι-

75 1738 214 1792 κτεῖα,
260 1754 505 1795 quanquam
536 1737 701 1779 minore
741 1739 1086 1795 apographorum
1113 1736 1365 1778 auctoritate
1396 1735 1527 1777 stabi-

74 1805 227 1857 litum,
272 1806 457 1847 fortasse
496 1804 826 1863 prael‘ercndum
869 1813 949 1846 est.
1025 1805 1061 1847 Ε
1107 1805 1354 1860 conjectura
1392 1803 1528 1853 κηΰων

0 1889 6 1893 ·
77 1871 332 1930 scripsimus
375 1888 453 1930 pro
492 1873 650 1924 κηΰαν,
696 1874 753 1914 cf.
795 1872 986 1929 Hesych.
1031 1874 1141 1920 κεῑα,
1195 1871 1446 1924 καθάρματα
1486 1877 1528 1912 et

2 1708 10 1730 ι’

0 1956 5 1961 ·
76 1939 199 1991 κήῖα,
246 1938 527 1993 καθάρματα,
577 1940 734 1983 deinde
765 1940 924 1999 Sophr.
959 1941 1012 1982 32
1050 1939 1218 1993 τρικτύα
1249 1937 1527 1991 ἀλεξιφαρμά-

76 2025 174 2049 κων.
242 2007 475 2050 Mallemus
513 2015 656 2049 'amen
697 2011 840 2058 κηΐων.
910 2008 953 2048 Α
989 2007 1175 2066 lapicida
1214 2007 1420 2050 omissum
1462 2012 1528 2048 est

0 2082 7 2107 ἓ
76 2074 310 2117 ’Ammona
339 2082 412 2116 aut
440 2075 560 2119 aliud
593 2075 662 2118 dei
690 2091 865 2118 nomen.

0 2156 5 2174 ¹
190 2179 272 2221 Vs.
306 2179 361 2222 36
390 2188 497 2221 extr.
529 2179 582 2221 B.
614 2179 718 2221 κατὰ
746 2179 954 2231 πέροδονῖ
987 2181 1081 2220 ἑκα-

188 2262 270 2304 Vs.
303 2262 358 2305 38
384 2262 575 2320 Apogrr.
609 2265 975 2306 ενταιταιπυθιαὸι.

190 2349 272 2390 Vs.
306 2348 360 2391 39
388 2348 442 2389 Β.
475 2349 730 2402 Αἰγιναίους.
790 2377 845 2383 -
902 2349 984 2392 Vs.
1015 2350 1071 2392 40
1099 2349 1151 2390 Β.
1185 2350 1227 2398 ἐξ
1257 2347 1307 2397 ἇς
1336 2347 1382 2389 κ’
1410 2345 1453 2405 ἧ.

191 2435 271 2477 Vs.
303 2435 356 2477 41
386 2434 440 2477 Β.
475 2435 615 2477 αὑτοῦ.

193 2538 275 2580 Vs.
304 2537 359 2581 43
389 2546 496 2580 extr.
558 2536 865 2595 Supplevimus
896 2536 1070 2591 ultima,
1101 2544 1148 2578 ut
1179 2552 1256 2594 pro
1284 2536 1430 2580 indice
1461 2553 1525 2580 se-

83 2607 257 2667 quentis
286 2605 543 2665 paragraphi
574 2605 631 2647 sit
656 2606 892 2659 Ἴερομηνιά
925 2604 1110 2652 Πυθιάς.

194 2710 347 2753 Vs.44
370 2710 430 2752 in.
463 2709 514 2750 Β.
548 2709 572 2749 ἁ
599 2708 782 2773 Πυθιάς.
842 2709 894 2750 In
924 2709 1009 2751 fine
1029 2708 1082 2750 Β.
1114 2710 1287 2768 supplet
1319 2709 1524 2767 ράτραςῗ,

83 2778 200 2838 quod
229 2783 344 2821 certe
373 2775 527 2830 ῥήτρας
555 2792 651 2818 esse
683 2776 877 2819 debebat.
