1779 3079
484 222 523 279 ᾗ.
555 224 597 270 l.
669 223 1040 272 Praemonenda.
1452 224 1483 273 3

41 357 153 398 haud
183 357 316 399 malae
346 359 508 400 aetatis.
578 358 702 399 Adeo
732 359 897 399 Achaei
927 360 1210 416 Aeg-ialenses
1239 361 1408 403 saeculo
1439 378 1477 403 a.

39 423 142 464 Chr.
171 425 358 467 secundo
378 425 539 467 Dorice
563 425 733 483 loquuti
762 441 855 467 csse
885 426 1083 468 videntur
1112 426 1215 483 (vid.
1234 429 1286 470 L.
1308 429 1327 469 I
1350 425 1388 485 ἓ.
1409 429 1480 482 54)

41 498 83 531 et
112 492 329 534 Arcadum
359 493 616 534 recentiores
646 492 760 533 tituli
787 493 936 549 lingua
966 494 1139 535 omnino
1165 495 1324 537 Dorica
1356 503 1478 538 utun·

39 566 132 612 tur,
167 576 406 617 quanquam
435 559 698 617 antiquiores
726 560 983 618 peculiarem
1015 561 1240 602 dialectum
1261 563 1478 618 exhibent,

40 625 124 667 vid.
157 627 208 667 L.
243 628 262 667 Ι
308 624 346 682 ἓ.
381 627 447 668 53.

149 694 278 734 Extra
308 695 515 735 Isthmum
546 694 701 750 Argivi
727 694 1048 752 Amphilochici
1068 726 1080 748 ,
1134 694 1208 752 qui
1239 703 1357 736 erant
1386 697 1477 739 har-

33 760 156 801 barae
187 761 393 817 originis,
425 761 476 802 ab
501 761 791 803 Ambraciotis
822 763 865 802 in
897 762 1108 803 civitatem
1138 763 1323 819 acceptis
1347 764 1476 805 Grae-

33 844 123 868 cam
156 828 373 884 linguam,
420 828 607 870 Doricae
646 829 798 886 procul
837 830 965 870 dubio
996 829 1190 881 dialecti,
1236 846 1476 889 assumpse-

31 903 125 936 rant
152 895 406 952 Thucydide
449 902 552 936 teste
590 896 663 949 II,
695 897 763 938 68.
849 897 941 939 Ν66
982 897 1124 938 minus
1154 897 1314 938 Dorica
1343 898 1475 940 Acar-

29 978 187 1004 nanum
219 963 424 1004 dialectus
443 995 455 1016 ,
488 979 596 1020 quae
627 963 672 1004 in
703 963 838 1006 titulis
870 964 1047 1006 secundi
1075 964 1235 1005 saeculi
1265 966 1475 1023 conspici-

29 1037 126 1083 tur,
186 1047 208 1072 a
255 1030 576 1072 Corinthiorum
619 1031 664 1071 in
707 1047 754 1072 ea
792 1039 911 1089 parte
950 1031 1131 1073 coloniis
1173 1031 1273 1072 duci
1315 1041 1471 1090 potest.

31 1097 193 1139 Contra
223 1099 336 1139 haud
365 1098 489 1139 facile
519 1098 776 1151 credideris,
820 1098 1000 1140 Aetolos
1031 1115 1054 1140 a
1082 1098 1342 1153 Messeniis,
1399 1100 1473 1158 qui

27 1165 336 1222 aliquantisper
380 1165 648 1223 Naupactum
692 1173 943 1219 tenuerant,
1001 1166 1204 1208 Doricam
1247 1166 1473 1208 dialectum

26 1231 267 1288 accepisse,
318 1248 402 1289 qua
432 1233 543 1274 circa
582 1249 620 1274 a.
651 1234 736 1276 200
774 1250 874 1275 usos
905 1249 998 1275 esse
1028 1233 1142 1275 tituli
1172 1234 1351 1287 docent,
1399 1235 1474 1276 scd

25 1314 78 1365 eq
129 1299 334 1341 libentius
382 1301 597 1358 antiquam
646 1301 819 1357 linguae
875 1301 1173 1357 cognationem
1220 1308 1470 1355 statuemus,

27 1366 142 1423 quod
178 1366 327 1409 Aetoli
374 1383 458 1408 uno
506 1369 655 1409 saltem
700 1369 944 1409 testimonio
984 1369 1063 1420 (L.
1096 1369 1116 1409 I
1161 1369 1202 1422 ξ.
1235 1369 1257 1409 1
1298 1375 1387 1408 not.
1421 1370 1471 1419 5)

26 1441 173 1476 contra
216 1434 437 1491 vulgarem
481 1435 745 1495 antiquitatis
792 1435 1039 1492 opinionem
1080 1435 1193 1476 inter
1233 1435 1471 1476 Dorienses

24 1503 284 1543 referuntur.
346 1502 570 1559 Delphos,
619 1519 800 1560 quorum
833 1503 943 1543 tituli
975 1519 1060 1544 non
1090 1503 1234 1543 minus
1262 1502 1471 1543 Doridem

22 1569 240 1623 referunt,
279 1569 492 1611 Miillerus
524 1571 632 1611 Dor.
665 1571 684 1611 l
714 1587 758 1627 p.
791 1571 871 1612 211
904 1570 1140 1611 Dorienses
1171 1570 1304 1611 fuisse
1335 1570 1469 1611 credi-

22 1636 114 1690 dit,
159 1636 210 1678 de
241 1653 324 1693 qua
355 1653 400 1677 re
443 1637 555 1677 infra
595 1638 834 1679 accuratius
872 1637 1126 1679 videbimus.
1201 1637 1467 1690 Phocenses,

22 1703 260 1745 Locrenses
279 1735 292 1758 ,
322 1704 667 1746 Thaumacenses
697 1706 824 1763 (quae
854 1712 918 1746 est
938 1704 1198 1745 Phthiotidis
1227 1704 1348 1754 urbs)
1379 1704 1468 1745 Do-

21 1770 112 1812 ride
144 1787 245 1812 usos
276 1788 369 1813 csse
396 1771 698 1829 inscriptiones
719 1772 1006 1830 patefaciunt,
1038 1788 1145 1829 quos
1167 1787 1246 1812 nec
1263 1770 1467 1812 Doricam

22 1838 262 1880 dialectum·
294 1845 506 1880 mutuatos
555 1855 648 1881 6556
693 1856 834 1898 neque
886 1840 1005 1897 ipsos
1050 1839 1289 1880 Dorienses
1332 1838 1467 1879 fuisse

21 1906 249 1963 quisquam
279 1906 523 1947 crediderit.
584 1907 732 1964 ltaque
761 1924 840 1964 per
869 1905 1243 1965 septentrionalem
1264 1905 1467 1946 Graeciae

0 1969 183 2031 'partem
214 1973 449 2034 antiquitus
480 1973 523 2014 id
552 1974 725 2031 linguae.
758 1991 894 2031 genus
922 1989 1150 2031 regnasse,
1181 1973 1296 2030 quod
1326 1989 1348 2013 a
1377 1973 1466 2013 Do-

21 2041 237 2082 riensihus
285 2057 336 2081 ex
382 2041 456 2081 illa
511 2041 688 2097 regione
731 2042 916 2098 egressis
956 2041 1166 2083 Doricum
1209 2040 1468 2098 appellatum

21 2114 110 2162 est,
149 2107 240 2162 jam
268 2123 383 2150 nunc
411 2123 572 2166 ponere
602 2108 718 2150 lieet.
793 2109 911 2150 Infra
950 2109 1002 2151 ad
1045 2123 1137 2149 eam
1176 2107 1469 2165 quaestionem

19 2191 305 2217 recurremus.

134 2242 186 2283 In
228 2242 353 2284 Creta
388 2243 541 2284 multas
579 2242 707 2283 urbes
746 2241 906 2283 Dorice
945 2241 1144 2300 loquutas
1182 2256 1301 2295 esse,
1362 2255 1466 2297 quas

23 2325 170 2351 omnes
201 2309 437 2351 Dorienses
469 2310 646 2351 colonos
677 2309 893 2367 accepisse
928 2325 1008 2351 nee
1046 2309 1247 2350 traditum
1284 2314 1350 2348 est
1387 2322 1467 2346 nee

21 2377 281 2429 verisimile,
312 2376 615 2433 inscriptiones
646 2377 825 2430 docent,
855 2377 942 2419 vid.
974 2376 1016 2430 ξ.
1044 2377 1095 2426 2,
1127 2376 1169 2418 9.
1230 2375 1369 2431 Igitur
1397 2372 1467 2413 hie

22 2444 182 2486 Dorica
220 2443 368 2499 lingua
405 2459 491 2484 11011
535 2445 676 2485 minus
715 2444 767 2486 ad
810 2444 993 2501 populos
1023 2443 1224 2484 barbaros
1254 2447 1326 2481 aut
1354 2446 1466 2480 certe

20 2527 110 2552 non
141 2511 326 2552 Doricos
358 2518 588 2568 propagata
618 2518 707 2565 cst,
757 2527 883 2568 quam
911 2511 957 2552 in
988 2510 1166 2562 Sicilia,
1212 2507 1287 2548 uhi
1315 2506 1466 2547 inscri-

22 2579 191 2637 ptiones
224 2577 557 2635 Segestanorum
585 2585 627 2620 et
654 2578 986 2632 Alaesinorum,
1026 2577 1102 2635 qui
1132 2581 1252 2618 erant
1279 2572 1465 2627 barbari,

23 2732 69 2766 ab
98 2732 246 2775 Argivis
273 2743 339 2765 nec
363 2730 484 2765 diruta
509 2737 563 2765 est
587 2741 654 2764 nec
678 2731 778 2764 bello
805 2738 911 2775 capta
935 2741 1003 2764 nec
1026 2730 1105 2763 sine
1129 2727 1166 2763 vi
1192 2726 1335 2761 colonis
1347 2733 1465 2769 aucta,

22 2789 85 2823 sed
113 2801 179 2835 per
204 2801 308 2823 omne
335 2796 476 2833 tempus
503 2789 620 2823 libera
644 2795 721 2822 erat
745 2794 782 2822 et
806 2788 1013 2832 Dryopica.

1154 2864 1205 2906 1.
