1779 3079
175 176 270 226 168
684 179 758 224 De
789 176 1050 225 vocalibus.

174 316 249 357 Gr.
285 315 350 356 ΠΙ
380 330 423 372 p.
458 315 568 369 3143
613 313 780 356 accedit
817 317 990 367 πῶλυψ,
1039 329 1124 372 qua
1154 314 1290 356 forma
1319 313 1529 372 Diphilus
1561 313 1629 356 Si-

171 383 331 441 phnius
371 382 486 440 apud
518 383 680 424 Athen.
714 382 854 435 Vlll,
887 382 984 423 356.
1015 397 1037 424 e
1077 381 1236 437 utitur,
1284 382 1500 440 pedestris
1538 397 1630 424 ora-

172 451 304 492 tionis
336 458 378 492 et
406 451 600 508 vulgaris
631 450 804 493 dialecti
847 449 1031 507 scriptor
1060 458 1102 491 et
1131 451 1312 492 fortasse
1343 450 1630 507 Epicharmus

173 518 318 569 fr.ss32.
384 517 554 570 Quibus
585 518 786 560 omnibus
816 517 1071 575 comparatis
1105 517 1168 560 sic
1199 518 1324 560 nobis
1357 517 1632 559 statuendum

171 586 370 635 videtur,
424 585 649 643 antiquum
690 585 817 627 istius
847 585 1046 627 animalis
1074 602 1230 628 nomen
1261 602 1357 628 esse
1387 589 1534 638 πῶλυψ
1563 585 1633 628 vel

172 653 362 701 πώλυπος
394 653 542 695 nescio
575 653 689 695 unde
722 653 976 706 deductum,
1023 653 1164 711 quod,
1210 662 1437 712 postquam
1477 653 1530 695 ad
1559 669 1632 711 pe-

173 720 273 761 dum
305 720 626 763 multitudinem
659 721 812 763 referri
842 730 1040 779 coeptum
1070 729 1211 774 esset,
1257 721 1302 762 in
1344 721 1550 770 πούλυπος
1590 727 1634 763 et

169 788 403 836 πουλύπους
424 797 660 843 mutatum,
693 796 911 846 postremo
943 790 1180 830 secundum
1210 793 1312 836 ποῦς
1331 789 1489 831 flexum
1516 805 1630 843 esse,

170 856 226 897 ita
260 864 399 898 tamen
432 864 480 897 ut
509 857 553 897 in
588 856 786 913 populari
815 856 965 911 lingua
1005 857 1072 898 vel
1105 857 1384 898 Doriensium
1417 859 1486 899 vel
1515 858 1631 900 Aeo-

170 923 356 965 lcnsium
392 924 573 972 (Athen.
606 924 720 977 Vll,
752 923 859 976 316,
893 923 937 971 6)
968 924 1037 965 vel
1066 925 1220 965 Ionum
1250 925 1316 966 vel
1347 925 1530 966 aliorum
1559 941 1631 966 an-

169 990 315 1048 tiquae
346 992 508 1032 formae
539 998 814 1045 tenerentur,
846 1006 1066 1049 nunquam
1097 992 1142 1032 in
1175 991 1363 1048 genuina
1389 991 1632 1035 Graecitate

170 1059 307 1115 prima
338 1058 501 1115 syllaba
534 1059 836 1116 corriperetur.
869 1087 923 1093 —
952 1061 964 1079 ’·
980 1058 1081 1101 Non
1113 1060 1237 1102 aliter
1269 1060 1411 1112 κουρίς
1440 1076 1518 1118 pro
1550 1078 1633 1101 κω-

170 1127 234 1177 ρίς
266 1126 324 1180 20)
365 1128 574 1184 scriptum
605 1142 702 1168 esse
731 1126 928 1180 videtur,
971 1128 1072 1185 quia
1103 1143 1184 1170 vox
1217 1143 1240 1169 a
1273 1129 1423 1181 κοῦρος
1453 1127 1631 1174 descen-

169 1193 269 1235 dere
300 1194 544 1251 putabatur.
981 1189 999 1205 ⁶

288 1262 356 1312 12)
415 1261 513 1304 Jam
544 1263 595 1303 ad
628 1280 676 1305 ea
709 1262 978 1305 redeundum
1011 1271 1102 1318 est,
1136 1279 1247 1322 quae
1275 1263 1437 1305 certius
1469 1263 1631 1306 Dorice

169 1343 246 1384 per
274 1347 300 1379 η
332 1337 374 1371 ct
405 1348 435 1370 ω
469 1347 547 1388 pro
575 1331 736 1374 Ionicis
771 1340 812 1373 et
841 1331 1093 1387 vulgaribus
1125 1347 1159 1371 ει
1188 1338 1230 1372 ct
1260 1349 1306 1372 ου
1336 1332 1626 1389 proferuntur.

169 1395 281 1438 Nam
313 1404 360 1438 ut
390 1414 518 1455 supra
551 1399 808 1452 docuimus,
854 1415 963 1456 quae
1004 1399 1091 1441 sint
1128 1414 1204 1452 ca,
1250 1399 1407 1457 quibus
1438 1401 1631 1442 severior

169 1462 304 1506 Doris
337 1465 418 1507 isto
450 1466 494 1507 in
536 1482 695 1524 genere
735 1485 757 1509 a
796 1467 963 1523 vulgari
1000 1467 1165 1509 ratione
1207 1468 1397 1517 differat,
1444 1467 1503 1508 ita
1537 1468 1629 1523 jam

171 1530 553 1575 demonstrandum
598 1542 690 1588 est,
739 1535 951 1576 mitiorem
991 1533 1202 1577 Doridem
1246 1535 1289 1576 in
1337 1536 1492 1577 iisdem
1531 1552 1630 1578 cum

171 1597 273 1640 lade
304 1608 346 1641 et
375 1602 555 1643 Atthide
587 1603 838 1661 conspirare
869 1618 949 1643 nee
979 1618 1136 1659 posse,
1188 1619 1296 1661 quae
1335 1603 1551 1659 ejusmodi
1583 1604 1629 1646 in

113 1696 121 1700 -
169 1665 350 1710 Doridis
396 1670 589 1712 fontibus
633 1672 939 1728 reperiuntur,
1001 1671 1052 1711 ad
1105 1671 1315 1713 librorum
1361 1671 1514 1713 vitium
1559 1673 1630 1715 vel

169 1733 309 1792 ipsius
339 1737 514 1780 dialecti
545 1739 865 1796 corruptionem
895 1740 1124 1796 ingruente
1146 1739 1325 1781 Atthide
1357 1740 1512 1783 factam
1532 1756 1628 1782 cum

170 1802 256 1844 ulla
288 1804 379 1845 veri
413 1806 556 1862 specie
585 1807 754 1848 referri.

286 1870 551 1914 Gravissima
591 1875 636 1915 in
676 1875 783 1915 hanc
826 1891 915 1915 rem
956 1875 1039 1915 dno
1072 1874 1316 1916 testimonia
1348 1883 1448 1915 sunt
1479 1875 1625 1932 exqui-

172 1936 278 1978 sitae
310 1939 554 1989 doctrinae,
597 1942 716 1982 Ann.
752 1942 868 1983 Oxx.
901 1942 953 1994 Ι,
988 1943 1092 1994 171,
1128 1942 1179 1983 19
1212 1949 1252 1982 et
1281 1942 1390 1995 278,
1424 1943 1475 1983 17
1514 1942 1623 1997 (vid.

173 2012 261 2046 not.
292 2007 318 2047 2
349 2017 389 2048 ct
420 2013 459 2058 ς’.
490 2008 540 2052 14
571 2016 658 2049 not.
684 2008 742 2063 4).
803 2009 1002 2050 Alterum
1034 2009 1182 2061 docet,
1215 2011 1395 2062 Δωριεῖς
1424 2009 1518 2058 τούς
1548 2029 1628 2051 πα-

172 2075 408 2125 ιαιοτέρους
443 2074 604 2115 dixisse
637 2076 718 2127 (εἷς,
751 2075 1044 2117 Rhinthonem
1081 2075 1150 2125 ἦς,
1184 2075 1258 2116 ubi
1288 2077 1379 2118 noli
1411 2077 1625 2132 dubitare,

170 2140 275 2198 quin
308 2141 592 2199 Epicharmus
625 2143 899 2199 potissimum
940 2152 981 2184 et
1013 2143 1209 2200 Sophron
1253 2145 1506 2201 antiquioris
1538 2146 1625 2188 Do-

169 2208 276 2250 ridis
308 2216 502 2251 auctores
532 2210 807 2268 intelligendi
839 2212 947 2265 sint,
996 2212 1175 2253 alterum
1208 2213 1410 2269 patefacit
1442 2212 1625 2270 Syracu-

171 2292 298 2318 sanos
329 2293 426 2318 cum
456 2277 636 2319 Ionibus
677 2286 718 2320 ct
748 2279 907 2320 Atticis
947 2283 1081 2330 μοῦσα
1123 2280 1309 2332 dixisse,
1357 2296 1442 2321 non
1487 2285 1622 2333 μῶσα.

170 2343 324 2402 Neque
366 2344 511 2386 mirari
551 2345 679 2397 licet,
728 2346 841 2403 qnod
887 2346 1006 2403 plura
1051 2347 1101 2389 de
1142 2348 1223 2388 hoc
1254 2348 1434 2390 Doridis
1465 2365 1624 2407 genere

170 2412 421 2454 testimonia
448 2429 534 2454 non
568 2421 726 2454 extant.
791 2414 966 2455 Scilicet
998 2415 1261 2470 grammatici
1295 2432 1341 2457 ea
1374 2433 1521 2474 parum
1553 2433 1624 2459 cu-

167 2479 347 2533 rabant,
394 2497 502 2538 quae
533 2497 628 2522 cum
661 2482 829 2540 vulgari
861 2482 1006 2538 lingua
1041 2499 1124 2523 non
1159 2484 1465 2541 discreparent.
1537 2484 1623 2527 Sed

167 2547 317 2589 titulos
357 2557 398 2590 et
439 2549 670 2606 scriptores
714 2549 879 2606 ingenti
922 2566 1137 2592 consensu
1181 2560 1372 2593 nostrum
1406 2552 1622 2608 judicium

167 2616 446 2670 confirmare,
478 2618 746 2675 singulorum
775 2618 1046 2674 perlustratio
1071 2621 1174 2661 satis
1199 2636 1412 2677 superque
1432 2620 1616 2662 docebit.

278 2685 357 2725 Ad
399 2701 470 2726 nr.
514 2686 565 2726 2:
616 2685 671 2732 ὅῖς
717 2685 876 2741 legitur
917 2686 1073 2741 Epich.
1107 2687 1176 2729 79.
1216 2688 1288 2728 134
1329 2695 1370 2728 et
1412 2687 1454 2728 in
1494 2687 1619 2730 titulo

166 2751 556 2801 'l'am-omenitano,
592 2752 731 2800 οὐθείς
764 2754 902 2794 Rhod.
936 2754 1069 2800 2905„
1102 2758 1248 2804 μηθείς
1278 2755 1409 2796 Ther.
1438 2755 1547 2797 '2¹48
1578 2763 1619 2797 et

1729 546 1742 556 f
1738 503 1743 515 -
1733 471 1739 492 -›
1725 204 1743 462 ἅνω-κῶμ’
1722 0 1742 191 anum-s*
