<?xml version="1.0" encoding="UTF-8"?>
<!DOCTYPE html PUBLIC "-//W3C//DTD XHTML 1.0 Transitional//EN"
    "http://www.w3.org/TR/xhtml1/DTD/xhtml1-transitional.dtd">
<html xmlns="http://www.w3.org/1999/xhtml" xml:lang="en" lang="en">
 <head>
  <title>
</title>
<meta http-equiv="Content-Type" content="text/html;charset=utf-8" />
  <meta name='ocr-system' content='tesseract 3.04.00' />
  <meta name='ocr-capabilities' content='ocr_page ocr_carea ocr_par ocr_line ocrx_word'/>
</head>
<body>
  <div class='ocr_page' id='page_1' title='image "./degraecaelinguae01ahreuoft_0403.png"; bbox 0 0 1779 3079; ppageno 0'>
   <div class='ocr_carea' id='block_1_1' title="bbox 0 2306 8 2852">
    <p class='ocr_par' dir='ltr' id='par_1_1' title="bbox 0 2306 8 2852">
     <span class='ocr_line' id='line_1_1' title="bbox 0 2306 8 2852; baseline 0 0"><span class='ocrx_word' id='word_1_1' title='bbox 0 2306 8 2852; x_wconf 95' lang='lat' dir='ltr'><strong> </strong></span> 
     </span>
    </p>
   </div>
   <div class='ocr_carea' id='block_1_2' title="bbox 53 185 1490 255">
    <p class='ocr_par' dir='ltr' id='par_1_2' title="bbox 53 185 1490 255">
     <span class='ocr_line' id='line_1_2' title="bbox 53 185 1490 255; baseline -0.006 -11"><span class='ocrx_word' id='word_1_2' title='bbox 53 196 93 255; x_wconf 80' lang='lat'><strong>§.</strong></span> <span class='ocrx_word' id='word_1_3' title='bbox 116 197 190 244; x_wconf 89' lang='lat'><strong>10.</strong></span> <span class='ocrx_word' id='word_1_4' title='bbox 228 196 302 242; x_wconf 86' lang='lat' dir='ltr'><strong>De</strong></span> <span class='ocrx_word' id='word_1_5' title='bbox 317 194 452 243; x_wconf 84' lang='lat' dir='ltr'><strong>aliar.</strong></span> <span class='ocrx_word' id='word_1_6' title='bbox 473 209 649 241; x_wconf 86' lang='lat' dir='ltr'><strong>conson</strong></span> <span class='ocrx_word' id='word_1_7' title='bbox 687 192 843 253; x_wconf 84' lang='lat' dir='ltr'><strong>simpl.</strong></span> <span class='ocrx_word' id='word_1_8' title='bbox 869 201 913 237; x_wconf 85' lang='lat' dir='ltr'><strong>et</strong></span> <span class='ocrx_word' id='word_1_9' title='bbox 929 190 1097 253; x_wconf 76' lang='lat' dir='ltr'><strong>singul.</strong></span> <span class='ocrx_word' id='word_1_10' title='bbox 1121 195 1372 250; x_wconf 81' lang='lat' dir='ltr'><strong>permutat.</strong></span> <span class='ocrx_word' id='word_1_11' title='bbox 1425 185 1490 235; x_wconf 88' lang='grc'><strong>79</strong></span> 
     </span>
    </p>
   </div>
   <div class='ocr_carea' id='block_1_3' title="bbox 51 324 1504 1736">
    <p class='ocr_par' dir='ltr' id='par_1_3' title="bbox 51 324 1504 1736">
     <span class='ocr_line' id='line_1_3' title="bbox 164 324 1492 389; baseline -0.006 -16"><span class='ocrx_word' id='word_1_12' title='bbox 164 331 209 384; x_wconf 85' lang='grc'><strong>6)</strong></span> <span class='ocrx_word' id='word_1_13' title='bbox 270 330 458 389; x_wconf 85' lang='lat' dir='ltr'><strong>Spiritus</strong></span> <span class='ocrx_word' id='word_1_14' title='bbox 498 326 639 386; x_wconf 83' lang='lat' dir='ltr'><strong>asperi</strong></span> <span class='ocrx_word' id='word_1_15' title='bbox 677 327 848 387; x_wconf 78' lang='lat' dir='ltr'><strong>signum</strong></span> <span class='ocrx_word' id='word_1_16' title='bbox 889 326 990 367; x_wconf 86' lang='lat' dir='ltr'><strong>olim</strong></span> <span class='ocrx_word' id='word_1_17' title='bbox 1020 327 1065 366; x_wconf 86' lang='lat' dir='ltr'><strong>in</strong></span> <span class='ocrx_word' id='word_1_18' title='bbox 1094 325 1244 367; x_wconf 85' lang='lat' dir='ltr'><strong>mediis</strong></span> <span class='ocrx_word' id='word_1_19' title='bbox 1274 324 1492 368; x_wconf 83' lang='lat' dir='ltr'><strong>vocabulis</strong></span> 
     </span>
     <span class='ocr_line' id='line_1_4' title="bbox 52 392 1493 456; baseline -0.006 -15"><span class='ocrx_word' id='word_1_20' title='bbox 52 406 269 442; x_wconf 84' lang='lat' dir='ltr'><strong>exaratum</strong></span> <span class='ocrx_word' id='word_1_21' title='bbox 309 415 402 440; x_wconf 89' lang='lat' dir='ltr'><strong>esse</strong></span> <span class='ocrx_word' id='word_1_22' title='bbox 442 404 609 456; x_wconf 86' lang='lat' dir='ltr'><strong>praeter</strong></span> <span class='ocrx_word' id='word_1_23' title='bbox 648 394 804 435; x_wconf 89' lang='lat' dir='ltr'><strong>diserta</strong></span> <span class='ocrx_word' id='word_1_24' title='bbox 846 393 1212 450; x_wconf 73' lang='lat' dir='ltr'><strong>grammaticorum</strong></span> <span class='ocrx_word' id='word_1_25' title='bbox 1251 392 1493 434; x_wconf 88' lang='lat' dir='ltr'><strong>testimonia</strong></span> 
     </span>
     <span class='ocr_line' id='line_1_5' title="bbox 54 460 1492 523; baseline -0.006 -14"><span class='ocrx_word' id='word_1_26' title='bbox 54 467 180 508; x_wconf 89' lang='lat' dir='ltr'><strong>docet</strong></span> <span class='ocrx_word' id='word_1_27' title='bbox 210 466 384 523; x_wconf 89' lang='lat' dir='ltr'><strong>antiqua</strong></span> <span class='ocrx_word' id='word_1_28' title='bbox 413 462 635 520; x_wconf 78' lang='lat' dir='ltr'><strong>inscriptio</strong></span> <span class='ocrx_word' id='word_1_29' title='bbox 666 461 890 502; x_wconf 90' lang='lat' dir='ltr'><strong>Laconica.</strong></span> <span class='ocrx_word' id='word_1_30' title='bbox 959 460 1068 501; x_wconf 87' lang='lat' dir='ltr'><strong>Eum</strong></span> <span class='ocrx_word' id='word_1_31' title='bbox 1109 460 1152 499; x_wconf 88' lang='lat' dir='ltr'><strong>in</strong></span> <span class='ocrx_word' id='word_1_32' title='bbox 1182 460 1318 501; x_wconf 79' lang='lat' dir='ltr'><strong>titulis</strong></span> <span class='ocrx_word' id='word_1_33' title='bbox 1347 460 1492 517; x_wconf 78' lang='lat' dir='ltr'><strong>negle-</strong></span> 
     </span>
     <span class='ocr_line' id='line_1_6' title="bbox 53 526 1491 589; baseline -0.006 -13"><span class='ocrx_word' id='word_1_34' title='bbox 53 543 168 576; x_wconf 85' lang='lat' dir='ltr'><strong>ctum</strong></span> <span class='ocrx_word' id='word_1_35' title='bbox 207 550 331 586; x_wconf 75' lang='lat' dir='ltr'><strong>csse,</strong></span> <span class='ocrx_word' id='word_1_36' title='bbox 376 538 601 589; x_wconf 81' lang='lat' dir='ltr'><strong>postquam</strong></span> <span class='ocrx_word' id='word_1_37' title='bbox 641 528 815 570; x_wconf 86' lang='lat' dir='ltr'><strong>omnino</strong></span> <span class='ocrx_word' id='word_1_38' title='bbox 853 543 977 584; x_wconf 81' lang='lat' dir='ltr'>asper</span> <span class='ocrx_word' id='word_1_39' title='bbox 1016 526 1178 568; x_wconf 84' lang='lat' dir='ltr'><strong>exarari</strong></span> <span class='ocrx_word' id='word_1_40' title='bbox 1218 527 1379 568; x_wconf 85' lang='lat' dir='ltr'><strong>desitus</strong></span> <span class='ocrx_word' id='word_1_41' title='bbox 1410 535 1491 580; x_wconf 82' lang='lat' dir='ltr'><strong>est,</strong></span> 
     </span>
     <span class='ocr_line' id='line_1_7' title="bbox 54 594 1492 652; baseline -0.005 -9"><span class='ocrx_word' id='word_1_42' title='bbox 54 607 386 643; x_wconf 88' lang='lat' dir='ltr'><strong>consentaneum</strong></span> <span class='ocrx_word' id='word_1_43' title='bbox 426 598 607 639; x_wconf 89' lang='lat' dir='ltr'><strong>videtur.</strong></span> <span class='ocrx_word' id='word_1_44' title='bbox 681 595 772 637; x_wconf 88' lang='lat' dir='ltr'><strong>Nec</strong></span> <span class='ocrx_word' id='word_1_45' title='bbox 809 595 943 651; x_wconf 77' lang='lat' dir='ltr'><strong>magis</strong></span> <span class='ocrx_word' id='word_1_46' title='bbox 980 594 1078 635; x_wconf 89' lang='lat' dir='ltr'><strong>inde</strong></span> <span class='ocrx_word' id='word_1_47' title='bbox 1109 594 1224 652; x_wconf 88' lang='lat' dir='ltr'><strong>quod</strong></span> <span class='ocrx_word' id='word_1_48' title='bbox 1253 594 1364 650; x_wconf 89' lang='lat' dir='ltr'><strong>apud</strong></span> <span class='ocrx_word' id='word_1_49' title='bbox 1392 595 1492 636; x_wconf 88' lang='lat' dir='ltr'><strong>Ari-</strong></span> 
     </span>
     <span class='ocr_line' id='line_1_8' title="bbox 53 659 1494 725; baseline -0.006 -15"><span class='ocrx_word' id='word_1_50' title='bbox 53 669 329 725; x_wconf 76' lang='lat' dir='ltr'><strong>stophanem,</strong></span> <span class='ocrx_word' id='word_1_51' title='bbox 375 664 664 722; x_wconf 77' lang='lat' dir='ltr'><strong>Hesychium,</strong></span> <span class='ocrx_word' id='word_1_52' title='bbox 711 663 818 705; x_wconf 89' lang='lat' dir='ltr'><strong>alios</strong></span> <span class='ocrx_word' id='word_1_53' title='bbox 857 662 902 703; x_wconf 90' lang='lat' dir='ltr'><strong>in</strong></span> <span class='ocrx_word' id='word_1_54' title='bbox 942 661 1162 704; x_wconf 84' lang='lat' dir='ltr'><strong>codicibus</strong></span> <span class='ocrx_word' id='word_1_55' title='bbox 1201 659 1377 718; x_wconf 83' lang='lat' dir='ltr'><strong>spiritus</strong></span> <span class='ocrx_word' id='word_1_56' title='bbox 1406 676 1494 702; x_wconf 89' lang='lat' dir='ltr'><strong>non</strong></span> 
     </span>
     <span class='ocr_line' id='line_1_9' title="bbox 52 729 1495 789; baseline -0.006 -13"><span class='ocrx_word' id='word_1_57' title='bbox 52 735 290 787; x_wconf 81' lang='lat' dir='ltr'><strong>indicatur,</strong></span> <span class='ocrx_word' id='word_1_58' title='bbox 320 733 558 774; x_wconf 74' lang='lat' dir='ltr'><strong>recentiore</strong></span> <span class='ocrx_word' id='word_1_59' title='bbox 586 739 776 789; x_wconf 87' lang='lat' dir='ltr'><strong>tempore</strong></span> <span class='ocrx_word' id='word_1_60' title='bbox 806 746 893 771; x_wconf 91' lang='lat' dir='ltr'><strong>non</strong></span> <span class='ocrx_word' id='word_1_61' title='bbox 923 729 1243 787; x_wconf 88' lang='lat' dir='ltr'><strong>pronuntiatum</strong></span> <span class='ocrx_word' id='word_1_62' title='bbox 1272 743 1366 769; x_wconf 91' lang='lat' dir='ltr'><strong>csse</strong></span> <span class='ocrx_word' id='word_1_63' title='bbox 1396 743 1495 769; x_wconf 91' lang='lat' dir='ltr'><strong>con-</strong></span> 
     </span>
     <span class='ocr_line' id='line_1_10' title="bbox 53 795 1494 859; baseline -0.005 -16"><span class='ocrx_word' id='word_1_64' title='bbox 53 801 169 844; x_wconf 86' lang='lat' dir='ltr'><strong>cludi</strong></span> <span class='ocrx_word' id='word_1_65' title='bbox 197 808 353 859; x_wconf 88' lang='lat' dir='ltr'><strong>potest.</strong></span> <span class='ocrx_word' id='word_1_66' title='bbox 414 800 594 854; x_wconf 77' lang='lat' dir='ltr'><strong>Potius,</strong></span> <span class='ocrx_word' id='word_1_67' title='bbox 637 799 847 857; x_wconf 78' lang='lat' dir='ltr'><strong>siquidem</strong></span> <span class='ocrx_word' id='word_1_68' title='bbox 877 797 989 855; x_wconf 85' lang='lat' dir='ltr'><strong>apud</strong></span> <span class='ocrx_word' id='word_1_69' title='bbox 1019 797 1284 854; x_wconf 72' lang='lat' dir='ltr'><strong>Hesychium</strong></span> <span class='ocrx_word' id='word_1_70' title='bbox 1315 796 1431 849; x_wconf 66' lang='grc' dir='ltr'><em>ἄπεὶζ)</em></span> <span class='ocrx_word' id='word_1_71' title='bbox 1464 795 1494 836; x_wconf 86' lang='lat' dir='ltr'><strong>i.</strong></span> 
     </span>
     <span class='ocr_line' id='line_1_11' title="bbox 51 865 1497 922; baseline -0.005 -12"><span class='ocrx_word' id='word_1_72' title='bbox 51 885 90 910; x_wconf 84' lang='lat' dir='ltr'><strong>e.</strong></span> <span class='ocrx_word' id='word_1_73' title='bbox 127 868 275 922; x_wconf 74' lang='grc' dir='ltr'><strong><em>ἄφεσις</em></strong></span> <span class='ocrx_word' id='word_1_74' title='bbox 304 876 418 909; x_wconf 90' lang='lat' dir='ltr'><strong>recte</strong></span> <span class='ocrx_word' id='word_1_75' title='bbox 441 867 757 909; x_wconf 83' lang='lat' dir='ltr'><strong>emendavimus</strong></span> <span class='ocrx_word' id='word_1_76' title='bbox 790 874 832 908; x_wconf 90' lang='lat' dir='ltr'><strong>et</strong></span> <span class='ocrx_word' id='word_1_77' title='bbox 861 865 1193 916; x_wconf 71' lang='lat' dir='ltr'><strong>illustravimus,</strong></span> <span class='ocrx_word' id='word_1_78' title='bbox 1223 879 1348 920; x_wconf 83' lang='lat' dir='ltr'><strong>asper</strong></span> <span class='ocrx_word' id='word_1_79' title='bbox 1365 878 1497 920; x_wconf 86' lang='lat' dir='ltr'><strong>quan·</strong></span> 
     </span>
     <span class='ocr_line' id='line_1_12' title="bbox 51 931 1497 993; baseline -0.005 -16"><span class='ocrx_word' id='word_1_80' title='bbox 51 950 180 992; x_wconf 82' lang='lat' dir='ltr'><strong>quam</strong></span> <span class='ocrx_word' id='word_1_81' title='bbox 210 952 296 977; x_wconf 92' lang='lat' dir='ltr'><strong>non</strong></span> <span class='ocrx_word' id='word_1_82' title='bbox 328 936 513 993; x_wconf 89' lang='lat' dir='ltr'><strong>scriptus</strong></span> <span class='ocrx_word' id='word_1_83' title='bbox 542 942 707 976; x_wconf 86' lang='lat' dir='ltr'><strong>tantum</strong></span> <span class='ocrx_word' id='word_1_84' title='bbox 735 934 929 986; x_wconf 76' lang='lat' dir='ltr'><strong>valebat,</strong></span> <span class='ocrx_word' id='word_1_85' title='bbox 960 940 1007 973; x_wconf 86' lang='lat' dir='ltr'><strong>ut</strong></span> <span class='ocrx_word' id='word_1_86' title='bbox 1036 933 1139 973; x_wconf 89' lang='lat' dir='ltr'><strong>adeo</strong></span> <span class='ocrx_word' id='word_1_87' title='bbox 1169 931 1395 988; x_wconf 79' lang='lat' dir='ltr'><strong>aspiratam</strong></span> <span class='ocrx_word' id='word_1_88' title='bbox 1425 946 1497 970; x_wconf 88' lang='lat' dir='ltr'><strong>an-</strong></span> 
     </span>
     <span class='ocr_line' id='line_1_13' title="bbox 51 998 1497 1060; baseline -0.003 -17"><span class='ocrx_word' id='word_1_89' title='bbox 51 1003 337 1044; x_wconf 85' lang='lat' dir='ltr'><strong>tecedentium</strong></span> <span class='ocrx_word' id='word_1_90' title='bbox 367 1004 556 1060; x_wconf 76' lang='lat' dir='ltr'><strong>syllabae</strong></span> <span class='ocrx_word' id='word_1_91' title='bbox 587 1002 741 1044; x_wconf 87' lang='lat' dir='ltr'><strong>mutari</strong></span> <span class='ocrx_word' id='word_1_92' title='bbox 770 1015 945 1043; x_wconf 87' lang='lat' dir='ltr'><strong>necesse</strong></span> <span class='ocrx_word' id='word_1_93' title='bbox 975 1008 1101 1041; x_wconf 87' lang='lat' dir='ltr'><strong>esset.</strong></span> <span class='ocrx_word' id='word_1_94' title='bbox 1171 998 1324 1055; x_wconf 87' lang='lat' dir='ltr'><strong>Neque</strong></span> <span class='ocrx_word' id='word_1_95' title='bbox 1355 1005 1497 1039; x_wconf 83' lang='lat' dir='ltr'><strong>tamen</strong></span> 
     </span>
     <span class='ocr_line' id='line_1_14' title="bbox 52 1067 1495 1128; baseline -0.005 -16"><span class='ocrx_word' id='word_1_96' title='bbox 52 1070 385 1112; x_wconf 87' lang='lat' dir='ltr'><strong>contractionem</strong></span> <span class='ocrx_word' id='word_1_97' title='bbox 416 1070 646 1128; x_wconf 87' lang='lat' dir='ltr'><strong>impedisse</strong></span> <span class='ocrx_word' id='word_1_98' title='bbox 675 1069 870 1121; x_wconf 87' lang='lat' dir='ltr'><strong>videtur,</strong></span> <span class='ocrx_word' id='word_1_99' title='bbox 901 1067 1113 1124; x_wconf 85' lang='lat' dir='ltr'><strong>siquidem</strong></span> <span class='ocrx_word' id='word_1_100' title='bbox 1142 1068 1234 1119; x_wconf 76' lang='grc' dir='ltr'><strong><em>σίαρ</em></strong></span> <span class='ocrx_word' id='word_1_101' title='bbox 1255 1081 1334 1123; x_wconf 90' lang='lat' dir='ltr'><strong>pro</strong></span> <span class='ocrx_word' id='word_1_102' title='bbox 1357 1067 1495 1120; x_wconf 82' lang='grc' dir='ltr'><em>σιάὁρ,</em></span> 
     </span>
     <span class='ocr_line' id='line_1_15' title="bbox 51 1133 1493 1195; baseline -0.003 -17"><span class='ocrx_word' id='word_1_103' title='bbox 51 1140 207 1185; x_wconf 80' lang='grc' dir='ltr'><em>θίασος</em></span> <span class='ocrx_word' id='word_1_104' title='bbox 227 1146 279 1179; x_wconf 80' lang='lat' dir='ltr'><strong>et</strong></span> <span class='ocrx_word' id='word_1_105' title='bbox 308 1137 453 1190; x_wconf 73' lang='grc' dir='ltr'><em>μῴδδει</em></span> <span class='ocrx_word' id='word_1_106' title='bbox 482 1154 561 1195; x_wconf 86' lang='lat' dir='ltr'><strong>pro</strong></span> <span class='ocrx_word' id='word_1_107' title='bbox 592 1139 781 1190; x_wconf 74' lang='grc' dir='ltr'><em>μωΐὸδει,</em></span> <span class='ocrx_word' id='word_1_108' title='bbox 813 1137 995 1188; x_wconf 76' lang='grc' dir='ltr'>μουσίζει</span> <span class='ocrx_word' id='word_1_109' title='bbox 1023 1150 1122 1175; x_wconf 86' lang='lat' dir='ltr'><strong>vera</strong></span> <span class='ocrx_word' id='word_1_110' title='bbox 1150 1133 1298 1174; x_wconf 89' lang='lat' dir='ltr'><strong>haberi</strong></span> <span class='ocrx_word' id='word_1_111' title='bbox 1316 1142 1493 1190; x_wconf 85' lang='lat' dir='ltr'><strong>queunt.</strong></span> 
     </span>
     <span class='ocr_line' id='line_1_16' title="bbox 52 1200 1500 1261; baseline -0.005 -14"><span class='ocrx_word' id='word_1_112' title='bbox 52 1229 106 1235; x_wconf 95' lang='lat'><strong>—</strong></span> <span class='ocrx_word' id='word_1_113' title='bbox 164 1203 365 1247; x_wconf 89' lang='lat' dir='ltr'><strong>Ceterum</strong></span> <span class='ocrx_word' id='word_1_114' title='bbox 401 1205 537 1261; x_wconf 77' lang='lat' dir='ltr'><strong>sigma</strong></span> <span class='ocrx_word' id='word_1_115' title='bbox 576 1204 689 1246; x_wconf 84' lang='lat' dir='ltr'><strong>inter</strong></span> <span class='ocrx_word' id='word_1_116' title='bbox 717 1203 884 1245; x_wconf 87' lang='lat' dir='ltr'><strong>vocales</strong></span> <span class='ocrx_word' id='word_1_117' title='bbox 915 1202 1119 1244; x_wconf 88' lang='lat' dir='ltr'><strong>omissum</strong></span> <span class='ocrx_word' id='word_1_118' title='bbox 1147 1201 1330 1243; x_wconf 89' lang='lat' dir='ltr'><strong>vidimus</strong></span> <span class='ocrx_word' id='word_1_119' title='bbox 1360 1200 1405 1240; x_wconf 89' lang='lat' dir='ltr'><strong>in</strong></span> <span class='ocrx_word' id='word_1_120' title='bbox 1435 1200 1500 1241; x_wconf 82' lang='lat' dir='ltr'><strong>fu-</strong></span> 
     </span>
     <span class='ocr_line' id='line_1_17' title="bbox 53 1267 1498 1330; baseline -0.003 -17"><span class='ocrx_word' id='word_1_121' title='bbox 53 1279 149 1314; x_wconf 82' lang='lat' dir='ltr'><strong>turo</strong></span> <span class='ocrx_word' id='word_1_122' title='bbox 177 1280 221 1314; x_wconf 86' lang='lat' dir='ltr'><strong>et</strong></span> <span class='ocrx_word' id='word_1_123' title='bbox 250 1273 406 1313; x_wconf 84' lang='lat' dir='ltr'><strong>aoristo</strong></span> <span class='ocrx_word' id='word_1_124' title='bbox 437 1273 601 1330; x_wconf 76' lang='lat' dir='ltr'><strong>primo,</strong></span> <span class='ocrx_word' id='word_1_125' title='bbox 648 1279 694 1313; x_wconf 84' lang='lat' dir='ltr'><strong>ut</strong></span> <span class='ocrx_word' id='word_1_126' title='bbox 724 1271 962 1323; x_wconf 78' lang='grc' dir='ltr'><em>πωταόμαι,</em></span> <span class='ocrx_word' id='word_1_127' title='bbox 1008 1270 1186 1323; x_wconf 73' lang='grc' dir='ltr'><em>ὅρμαον,</em></span> <span class='ocrx_word' id='word_1_128' title='bbox 1231 1267 1427 1318; x_wconf 57' lang='lat' dir='ltr'><strong>frowioti,⁴</strong></span> <span class='ocrx_word' id='word_1_129' title='bbox 1454 1267 1498 1308; x_wconf 91' lang='lat' dir='ltr'><strong>in</strong></span> 
     </span>
     <span class='ocr_line' id='line_1_18' title="bbox 53 1335 1499 1392; baseline -0.003 -12"><span class='ocrx_word' id='word_1_130' title='bbox 53 1339 274 1381; x_wconf 80' lang='lat' dir='ltr'><strong>femininis</strong></span> <span class='ocrx_word' id='word_1_131' title='bbox 305 1340 350 1381; x_wconf 90' lang='lat' dir='ltr'><strong>in</strong></span> <span class='ocrx_word' id='word_1_132' title='bbox 383 1357 435 1381; x_wconf 78' lang='grc' dir='ltr'><strong>σα</strong></span> <span class='ocrx_word' id='word_1_133' title='bbox 464 1340 720 1382; x_wconf 85' lang='lat' dir='ltr'><strong>exeuntibus</strong></span> <span class='ocrx_word' id='word_1_134' title='bbox 750 1347 797 1380; x_wconf 90' lang='lat' dir='ltr'><strong>ut</strong></span> <span class='ocrx_word' id='word_1_135' title='bbox 825 1342 935 1392; x_wconf 79' lang='grc' dir='ltr'>πᾶα,</span> <span class='ocrx_word' id='word_1_136' title='bbox 967 1341 1080 1390; x_wconf 80' lang='grc' dir='ltr'><strong>μῶα,</strong></span> <span class='ocrx_word' id='word_1_137' title='bbox 1113 1339 1291 1377; x_wconf 77' lang='grc' dir='ltr'><strong><em>ἐκλιπῶα</em></strong></span> <span class='ocrx_word' id='word_1_138' title='bbox 1320 1343 1423 1389; x_wconf 61' lang='grc' dir='ltr'><strong>(εἴα,</strong></span> <span class='ocrx_word' id='word_1_139' title='bbox 1454 1335 1499 1376; x_wconf 92' lang='lat' dir='ltr'><strong>in</strong></span> 
     </span>
     <span class='ocr_line' id='line_1_19' title="bbox 55 1403 1499 1466; baseline -0.003 -16"><span class='ocrx_word' id='word_1_140' title='bbox 55 1407 331 1465; x_wconf 72' lang='lat' dir='ltr'><strong>compositis,</strong></span> <span class='ocrx_word' id='word_1_141' title='bbox 379 1423 559 1466; x_wconf 85' lang='lat' dir='ltr'><strong>quorum</strong></span> <span class='ocrx_word' id='word_1_142' title='bbox 590 1408 708 1465; x_wconf 85' lang='lat' dir='ltr'><strong>prior</strong></span> <span class='ocrx_word' id='word_1_143' title='bbox 736 1423 833 1464; x_wconf 87' lang='lat' dir='ltr'><strong>pars</strong></span> <span class='ocrx_word' id='word_1_144' title='bbox 865 1405 1043 1448; x_wconf 87' lang='lat' dir='ltr'><strong>assumit</strong></span> <span class='ocrx_word' id='word_1_145' title='bbox 1075 1421 1139 1455; x_wconf 70' lang='grc' dir='ltr'><strong>σι,</strong></span> <span class='ocrx_word' id='word_1_146' title='bbox 1186 1412 1232 1445; x_wconf 90' lang='lat' dir='ltr'><strong>ut</strong></span> <span class='ocrx_word' id='word_1_147' title='bbox 1262 1403 1499 1459; x_wconf 80' lang='grc' dir='ltr'><em>Σώανὸρος,</em></span> 
     </span>
     <span class='ocr_line' id='line_1_20' title="bbox 64 1470 1500 1530; baseline -0.003 -15"><span class='ocrx_word' id='word_1_148' title='bbox 64 1476 310 1524; x_wconf 73' lang='grc' dir='ltr'>Τελέἱὶππος,</span> <span class='ocrx_word' id='word_1_149' title='bbox 343 1475 387 1516; x_wconf 91' lang='lat' dir='ltr'><strong>in</strong></span> <span class='ocrx_word' id='word_1_150' title='bbox 419 1475 641 1516; x_wconf 84' lang='lat' dir='ltr'><strong>abstractis</strong></span> <span class='ocrx_word' id='word_1_151' title='bbox 673 1475 716 1516; x_wconf 91' lang='lat' dir='ltr'><strong>in</strong></span> <span class='ocrx_word' id='word_1_152' title='bbox 747 1476 797 1522; x_wconf 53' lang='lat' dir='ltr'><strong>a}</strong></span> <span class='ocrx_word' id='word_1_153' title='bbox 825 1481 872 1515; x_wconf 90' lang='lat' dir='ltr'><strong>ut</strong></span> <span class='ocrx_word' id='word_1_154' title='bbox 894 1474 1034 1526; x_wconf 70' lang='grc' dir='ltr'><em>ἅπεΐρ,</em></span> <span class='ocrx_word' id='word_1_155' title='bbox 1066 1476 1177 1522; x_wconf 73' lang='grc' dir='ltr'><strong>λῆϊς,</strong></span> <span class='ocrx_word' id='word_1_156' title='bbox 1210 1479 1427 1530; x_wconf 89' lang='lat' dir='ltr'><strong>postremo</strong></span> <span class='ocrx_word' id='word_1_157' title='bbox 1455 1470 1500 1511; x_wconf 89' lang='lat' dir='ltr'><strong>in</strong></span> 
     </span>
     <span class='ocr_line' id='line_1_21' title="bbox 57 1540 1501 1599; baseline -0.003 -16"><span class='ocrx_word' id='word_1_158' title='bbox 57 1542 243 1599; x_wconf 77' lang='lat' dir='ltr'><strong>singulis</strong></span> <span class='ocrx_word' id='word_1_159' title='bbox 272 1543 363 1584; x_wconf 82' lang='lat' dir='ltr'><strong>his:</strong></span> <span class='ocrx_word' id='word_1_160' title='bbox 407 1544 668 1597; x_wconf 66' lang='grc' dir='ltr'><strong>Κοινοουρεῒς,</strong></span> <span class='ocrx_word' id='word_1_161' title='bbox 703 1542 877 1595; x_wconf 82' lang='grc' dir='ltr'><em>σάαμος,</em></span> <span class='ocrx_word' id='word_1_162' title='bbox 908 1541 1158 1592; x_wconf 65' lang='grc' dir='ltr'><strong>ῘΡΙναμοΰιια,</strong></span> <span class='ocrx_word' id='word_1_163' title='bbox 1189 1540 1348 1587; x_wconf 80' lang='grc' dir='ltr'>Βουὸα,</span> <span class='ocrx_word' id='word_1_164' title='bbox 1379 1541 1501 1593; x_wconf 76' lang='grc' dir='ltr'><em>βίωρ,</em></span> 
     </span>
     <span class='ocr_line' id='line_1_22' title="bbox 60 1605 1504 1666; baseline -0.002 -16"><span class='ocrx_word' id='word_1_165' title='bbox 60 1611 156 1665; x_wconf 77' lang='grc' dir='ltr'><strong>σιάρ</strong></span> <span class='ocrx_word' id='word_1_166' title='bbox 188 1625 211 1651; x_wconf 91' lang='lat' dir='ltr'><strong>e</strong></span> <span class='ocrx_word' id='word_1_167' title='bbox 245 1612 364 1663; x_wconf 71' lang='grc' dir='ltr'><em>σιάορ</em></span> <span class='ocrx_word' id='word_1_168' title='bbox 384 1644 393 1657; x_wconf 84' lang='grc'>,</span> <span class='ocrx_word' id='word_1_169' title='bbox 428 1611 563 1662; x_wconf 72' lang='grc' dir='ltr'>ᾳούιξ.</span> <span class='ocrx_word' id='word_1_170' title='bbox 625 1610 741 1666; x_wconf 76' lang='lat' dir='ltr'><strong>Ergo</strong></span> <span class='ocrx_word' id='word_1_171' title='bbox 769 1610 839 1652; x_wconf 84' lang='lat' dir='ltr'><strong>vix</strong></span> <span class='ocrx_word' id='word_1_172' title='bbox 870 1609 1038 1651; x_wconf 89' lang='lat' dir='ltr'><strong>videtur</strong></span> <span class='ocrx_word' id='word_1_173' title='bbox 1069 1623 1257 1666; x_wconf 88' lang='lat' dir='ltr'><strong>unquam</strong></span> <span class='ocrx_word' id='word_1_174' title='bbox 1287 1623 1373 1648; x_wconf 89' lang='lat' dir='ltr'><strong>non</strong></span> <span class='ocrx_word' id='word_1_175' title='bbox 1402 1605 1504 1662; x_wconf 85' lang='lat' dir='ltr'><strong>ejici</strong></span> 
     </span>
     <span class='ocr_line' id='line_1_23' title="bbox 57 1677 1351 1736; baseline -0.002 -17"><span class='ocrx_word' id='word_1_176' title='bbox 57 1678 277 1736; x_wconf 86' lang='lat' dir='ltr'><strong>potuisse,</strong></span> <span class='ocrx_word' id='word_1_177' title='bbox 310 1678 394 1719; x_wconf 89' lang='lat' dir='ltr'><strong>nisi</strong></span> <span class='ocrx_word' id='word_1_178' title='bbox 426 1678 641 1720; x_wconf 89' lang='lat' dir='ltr'><strong>Laconica</strong></span> <span class='ocrx_word' id='word_1_179' title='bbox 670 1677 902 1718; x_wconf 88' lang='lat' dir='ltr'><strong>mutatione</strong></span> <span class='ocrx_word' id='word_1_180' title='bbox 932 1692 955 1717; x_wconf 92' lang='lat' dir='ltr'><strong>e</strong></span> <span class='ocrx_word' id='word_1_181' title='bbox 985 1682 1017 1717; x_wconf 78' lang='grc' dir='ltr'><strong>θ</strong></span> <span class='ocrx_word' id='word_1_182' title='bbox 1048 1684 1193 1717; x_wconf 87' lang='lat' dir='ltr'><strong>natum</strong></span> <span class='ocrx_word' id='word_1_183' title='bbox 1224 1682 1351 1717; x_wconf 91' lang='lat' dir='ltr'><strong>esset.</strong></span> 
     </span>
    </p>
   </div>
   <div class='ocr_carea' id='block_1_4' title="bbox 707 1836 852 1898">
    <p class='ocr_par' dir='ltr' id='par_1_4' title="bbox 707 1836 852 1898">
     <span class='ocr_line' id='line_1_24' title="bbox 707 1836 852 1898; baseline 0.007 -17"><span class='ocrx_word' id='word_1_184' title='bbox 707 1836 746 1898; x_wconf 67' lang='grc' dir='ltr'><strong>ς.</strong></span> <span class='ocrx_word' id='word_1_185' title='bbox 786 1840 852 1882; x_wconf 87' lang='lat'><strong>10.</strong></span> 
     </span>
    </p>
   </div>
   <div class='ocr_carea' id='block_1_5' title="bbox 60 1941 1506 2041">
    <p class='ocr_par' dir='ltr' id='par_1_5' title="bbox 60 1941 1506 2041">
     <span class='ocr_line' id='line_1_25' title="bbox 60 1941 1506 1982; baseline 0 -9"><span class='ocrx_word' id='word_1_186' title='bbox 60 1942 139 1974; x_wconf 79' lang='lat' dir='ltr'><strong>De</strong></span> <span class='ocrx_word' id='word_1_187' title='bbox 160 1942 374 1974; x_wconf 78' lang='lat' dir='ltr'><strong>aliarum</strong></span> <span class='ocrx_word' id='word_1_188' title='bbox 397 1944 775 1976; x_wconf 77' lang='lat' dir='ltr'><strong>consonantium</strong></span> <span class='ocrx_word' id='word_1_189' title='bbox 796 1942 1092 1982; x_wconf 80' lang='lat' dir='ltr'><strong>simplicium</strong></span> <span class='ocrx_word' id='word_1_190' title='bbox 1113 1945 1162 1975; x_wconf 75' lang='lat' dir='ltr'><strong>et</strong></span> <span class='ocrx_word' id='word_1_191' title='bbox 1183 1941 1506 1981; x_wconf 77' lang='lat' dir='ltr'><strong>singulm-ium</strong></span> 
     </span>
     <span class='ocr_line' id='line_1_26' title="bbox 557 2001 1017 2041; baseline 0.002 -10"><span class='ocrx_word' id='word_1_192' title='bbox 557 2001 1017 2041; x_wconf 77' lang='lat' dir='ltr'><strong>permutationibus.</strong></span> 
     </span>
    </p>
   </div>
   <div class='ocr_carea' id='block_1_6' title="bbox 63 2079 1509 2814">
    <p class='ocr_par' dir='ltr' id='par_1_6' title="bbox 64 2079 1508 2204">
     <span class='ocr_line' id='line_1_27' title="bbox 174 2079 1508 2137; baseline 0.001 -17"><span class='ocrx_word' id='word_1_193' title='bbox 174 2080 218 2132; x_wconf 85' lang='lat'><strong>1)</strong></span> <span class='ocrx_word' id='word_1_194' title='bbox 275 2079 450 2121; x_wconf 85' lang='lat' dir='ltr'><strong>Tenues</strong></span> <span class='ocrx_word' id='word_1_195' title='bbox 488 2080 599 2137; x_wconf 89' lang='lat' dir='ltr'><strong>apud</strong></span> <span class='ocrx_word' id='word_1_196' title='bbox 629 2079 866 2121; x_wconf 86' lang='lat' dir='ltr'><strong>Dorienses</strong></span> <span class='ocrx_word' id='word_1_197' title='bbox 905 2080 948 2120; x_wconf 89' lang='lat' dir='ltr'><strong>in</strong></span> <span class='ocrx_word' id='word_1_198' title='bbox 979 2079 1083 2121; x_wconf 78' lang='lat' dir='ltr'><strong>alias</strong></span> <span class='ocrx_word' id='word_1_199' title='bbox 1112 2088 1263 2122; x_wconf 88' lang='lat' dir='ltr'><strong>tenues</strong></span> <span class='ocrx_word' id='word_1_200' title='bbox 1291 2087 1508 2122; x_wconf 88' lang='lat' dir='ltr'><strong>mutantur</strong></span> 
     </span>
     <span class='ocr_line' id='line_1_28' title="bbox 64 2147 822 2204; baseline 0.003 -18"><span class='ocrx_word' id='word_1_201' title='bbox 64 2152 135 2187; x_wconf 88' lang='lat' dir='ltr'><strong>aut</strong></span> <span class='ocrx_word' id='word_1_202' title='bbox 160 2147 316 2187; x_wconf 87' lang='lat' dir='ltr'><strong>mutari</strong></span> <span class='ocrx_word' id='word_1_203' title='bbox 345 2147 626 2204; x_wconf 88' lang='lat' dir='ltr'><strong>perhibentur</strong></span> <span class='ocrx_word' id='word_1_204' title='bbox 653 2147 697 2188; x_wconf 90' lang='lat' dir='ltr'><strong>in</strong></span> <span class='ocrx_word' id='word_1_205' title='bbox 728 2147 822 2188; x_wconf 86' lang='lat' dir='ltr'><strong>his:</strong></span> 
     </span>
    </p>

    <p class='ocr_par' dir='ltr' id='par_1_7' title="bbox 63 2214 1509 2403">
     <span class='ocr_line' id='line_1_29' title="bbox 173 2214 1509 2270; baseline 0.003 -17"><span class='ocrx_word' id='word_1_206' title='bbox 173 2231 194 2253; x_wconf 86' lang='grc' dir='ltr'><strong><em>τ</em></strong></span> <span class='ocrx_word' id='word_1_207' title='bbox 222 2229 318 2270; x_wconf 91' lang='lat' dir='ltr'><strong>pro</strong></span> <span class='ocrx_word' id='word_1_208' title='bbox 349 2231 371 2253; x_wconf 82' lang='grc' dir='ltr'>κ</span> <span class='ocrx_word' id='word_1_209' title='bbox 411 2214 620 2256; x_wconf 88' lang='lat' dir='ltr'><strong>Doricum</strong></span> <span class='ocrx_word' id='word_1_210' title='bbox 644 2223 821 2257; x_wconf 87' lang='lat' dir='ltr'><strong>vocatur</strong></span> <span class='ocrx_word' id='word_1_211' title='bbox 853 2231 875 2255; x_wconf 87' lang='lat' dir='ltr'><strong>a</strong></span> <span class='ocrx_word' id='word_1_212' title='bbox 907 2214 1070 2256; x_wconf 84' lang='lat' dir='ltr'><strong>Scholl.</strong></span> <span class='ocrx_word' id='word_1_213' title='bbox 1100 2216 1286 2257; x_wconf 90' lang='lat' dir='ltr'><strong>Theocr.</strong></span> <span class='ocrx_word' id='word_1_214' title='bbox 1318 2216 1363 2269; x_wconf 79' lang='lat' dir='ltr'><strong>I,</strong></span> <span class='ocrx_word' id='word_1_215' title='bbox 1398 2217 1419 2258; x_wconf 91' lang='lat'>1</span> <span class='ocrx_word' id='word_1_216' title='bbox 1461 2224 1509 2257; x_wconf 84' lang='lat' dir='ltr'><strong>ut</strong></span> 
     </span>
     <span class='ocr_line' id='line_1_30' title="bbox 64 2279 1509 2340; baseline 0.003 -20"><span class='ocrx_word' id='word_1_217' title='bbox 64 2279 109 2320; x_wconf 88' lang='lat' dir='ltr'><strong>in</strong></span> <span class='ocrx_word' id='word_1_218' title='bbox 138 2283 258 2329; x_wconf 75' lang='grc' dir='ltr'><em>τῆνος</em></span> <span class='ocrx_word' id='word_1_219' title='bbox 288 2295 366 2337; x_wconf 92' lang='lat' dir='ltr'><strong>pro</strong></span> <span class='ocrx_word' id='word_1_220' title='bbox 399 2283 542 2330; x_wconf 69' lang='grc' dir='ltr'><em>κεῖνος.</em></span> <span class='ocrx_word' id='word_1_221' title='bbox 614 2282 675 2323; x_wconf 91' lang='lat' dir='ltr'><strong>Ea</strong></span> <span class='ocrx_word' id='word_1_222' title='bbox 704 2289 844 2324; x_wconf 89' lang='lat' dir='ltr'><strong>tamen</strong></span> <span class='ocrx_word' id='word_1_223' title='bbox 874 2284 1128 2340; x_wconf 89' lang='lat' dir='ltr'><strong>pronomina</strong></span> <span class='ocrx_word' id='word_1_224' title='bbox 1159 2283 1350 2325; x_wconf 82' lang='lat' dir='ltr'><strong>diversae</strong></span> <span class='ocrx_word' id='word_1_225' title='bbox 1380 2282 1509 2339; x_wconf 79' lang='lat' dir='ltr'><strong>origi-</strong></span> 
     </span>
     <span class='ocr_line' id='line_1_31' title="bbox 63 2347 985 2403; baseline 0.001 -15"><span class='ocrx_word' id='word_1_226' title='bbox 63 2347 132 2388; x_wconf 89' lang='lat' dir='ltr'><strong>nis</strong></span> <span class='ocrx_word' id='word_1_227' title='bbox 164 2363 258 2388; x_wconf 89' lang='lat' dir='ltr'><strong>esse</strong></span> <span class='ocrx_word' id='word_1_228' title='bbox 288 2347 399 2388; x_wconf 74' lang='lat' dir='ltr'><strong>infra</strong></span> <span class='ocrx_word' id='word_1_229' title='bbox 428 2348 812 2390; x_wconf 83' lang='lat' dir='ltr'><strong>demonstrabimus</strong></span> <span class='ocrx_word' id='word_1_230' title='bbox 843 2352 883 2403; x_wconf 56' lang='lat'><strong>§2</strong></span> <span class='ocrx_word' id='word_1_231' title='bbox 917 2350 985 2391; x_wconf 82' lang='lat'><strong>33.</strong></span> 
     </span>
    </p>

    <p class='ocr_par' dir='ltr' id='par_1_8' title="bbox 65 2415 1508 2606">
     <span class='ocr_line' id='line_1_32' title="bbox 176 2415 1503 2474; baseline 0.005 -20"><span class='ocrx_word' id='word_1_232' title='bbox 176 2433 196 2455; x_wconf 84' lang='grc' dir='ltr'><strong><em>τ</em></strong></span> <span class='ocrx_word' id='word_1_233' title='bbox 237 2430 329 2472; x_wconf 88' lang='lat' dir='ltr'><strong>pro</strong></span> <span class='ocrx_word' id='word_1_234' title='bbox 374 2432 401 2454; x_wconf 80' lang='grc' dir='ltr'><em>π</em></span> <span class='ocrx_word' id='word_1_235' title='bbox 446 2415 489 2455; x_wconf 92' lang='lat' dir='ltr'><strong>in</strong></span> <span class='ocrx_word' id='word_1_236' title='bbox 531 2415 739 2472; x_wconf 75' lang='lat' dir='ltr'><strong>Hesychii</strong></span> <span class='ocrx_word' id='word_1_237' title='bbox 783 2417 925 2474; x_wconf 73' lang='lat' dir='ltr'><strong>glossa</strong></span> <span class='ocrx_word' id='word_1_238' title='bbox 968 2419 1095 2467; x_wconf 74' lang='grc' dir='ltr'><strong><em>τεῖον,</em></strong></span> <span class='ocrx_word' id='word_1_239' title='bbox 1142 2419 1284 2459; x_wconf 78' lang='grc' dir='ltr'><em>ποῖον·</em></span> <span class='ocrx_word' id='word_1_240' title='bbox 1329 2422 1503 2472; x_wconf 75' lang='grc' dir='ltr'><strong>Κρῆτες,</strong></span> 
     </span>
     <span class='ocr_line' id='line_1_33' title="bbox 66 2482 1508 2543; baseline 0.006 -22"><span class='ocrx_word' id='word_1_241' title='bbox 66 2497 192 2539; x_wconf 88' lang='lat' dir='ltr'><strong>quam</strong></span> <span class='ocrx_word' id='word_1_242' title='bbox 236 2482 599 2539; x_wconf 88' lang='lat' dir='ltr'><strong>corruptissimam</strong></span> <span class='ocrx_word' id='word_1_243' title='bbox 634 2483 909 2539; x_wconf 75' lang='lat' dir='ltr'><strong>judicamus3</strong></span> <span class='ocrx_word' id='word_1_244' title='bbox 968 2501 1064 2526; x_wconf 79' lang='lat' dir='ltr'><strong>nani</strong></span> <span class='ocrx_word' id='word_1_245' title='bbox 1108 2486 1154 2526; x_wconf 91' lang='lat' dir='ltr'><strong>in</strong></span> <span class='ocrx_word' id='word_1_246' title='bbox 1192 2487 1508 2543; x_wconf 75' lang='lat' dir='ltr'><strong>interrogativis</strong></span> 
     </span>
     <span class='ocr_line' id='line_1_34' title="bbox 65 2547 759 2606; baseline 0.004 -17"><span class='ocrx_word' id='word_1_247' title='bbox 65 2547 302 2591; x_wconf 87' lang='lat' dir='ltr'><strong>Dorienses</strong></span> <span class='ocrx_word' id='word_1_248' title='bbox 333 2549 492 2606; x_wconf 85' lang='lat' dir='ltr'><strong>ubique</strong></span> <span class='ocrx_word' id='word_1_249' title='bbox 521 2568 549 2589; x_wconf 83' lang='grc' dir='ltr'><em>π</em></span> <span class='ocrx_word' id='word_1_250' title='bbox 576 2558 759 2592; x_wconf 87' lang='lat' dir='ltr'><strong>servant.</strong></span> 
     </span>
    </p>

    <p class='ocr_par' dir='ltr' id='par_1_9' title="bbox 68 2616 1508 2742">
     <span class='ocr_line' id='line_1_35' title="bbox 178 2616 1508 2678; baseline 0.005 -22"><span class='ocrx_word' id='word_1_251' title='bbox 178 2633 201 2656; x_wconf 83' lang='grc' dir='ltr'><strong><em>κ</em></strong></span> <span class='ocrx_word' id='word_1_252' title='bbox 232 2632 325 2673; x_wconf 87' lang='lat' dir='ltr'><strong>pro</strong></span> <span class='ocrx_word' id='word_1_253' title='bbox 356 2635 375 2657; x_wconf 82' lang='grc' dir='ltr'><em>τ</em></span> <span class='ocrx_word' id='word_1_254' title='bbox 404 2617 450 2657; x_wconf 90' lang='lat' dir='ltr'><strong>in</strong></span> <span class='ocrx_word' id='word_1_255' title='bbox 478 2616 611 2667; x_wconf 76' lang='grc' dir='ltr'>πύκα,</span> <span class='ocrx_word' id='word_1_256' title='bbox 654 2617 803 2659; x_wconf 75' lang='grc' dir='ltr'><em>ἅλλοκα</em></span> <span class='ocrx_word' id='word_1_257' title='bbox 832 2635 910 2676; x_wconf 88' lang='lat' dir='ltr'><strong>pro</strong></span> <span class='ocrx_word' id='word_1_258' title='bbox 940 2619 1060 2673; x_wconf 74' lang='grc' dir='ltr'><em>πότε,</em></span> <span class='ocrx_word' id='word_1_259' title='bbox 1094 2620 1229 2660; x_wconf 75' lang='grc' dir='ltr'><em>ἄλλοτε</em></span> <span class='ocrx_word' id='word_1_260' title='bbox 1258 2626 1300 2659; x_wconf 89' lang='lat' dir='ltr'><strong>et</strong></span> <span class='ocrx_word' id='word_1_261' title='bbox 1328 2620 1508 2678; x_wconf 87' lang='lat' dir='ltr'><strong>reliquis</strong></span> 
     </span>
     <span class='ocr_line' id='line_1_36' title="bbox 68 2681 1257 2742; baseline 0.004 -20"><span class='ocrx_word' id='word_1_262' title='bbox 68 2681 161 2737; x_wconf 87' lang='lat' dir='ltr'><strong>ejus</strong></span> <span class='ocrx_word' id='word_1_263' title='bbox 190 2684 361 2740; x_wconf 76' lang='lat' dir='ltr'><strong>generis</strong></span> <span class='ocrx_word' id='word_1_264' title='bbox 392 2684 603 2726; x_wconf 87' lang='lat' dir='ltr'><strong>adverbiis</strong></span> <span class='ocrx_word' id='word_1_265' title='bbox 633 2686 963 2742; x_wconf 73' lang='lat' dir='ltr'><strong>teniporalib11S‚</strong></span> <span class='ocrx_word' id='word_1_266' title='bbox 995 2686 1081 2728; x_wconf 89' lang='lat' dir='ltr'><strong>vid.</strong></span> <span class='ocrx_word' id='word_1_267' title='bbox 1114 2687 1154 2738; x_wconf 63' lang='grc' dir='ltr'><strong>ξ.</strong></span> <span class='ocrx_word' id='word_1_268' title='bbox 1187 2687 1257 2727; x_wconf 84' lang='grc'><strong>44.</strong></span> 
     </span>
    </p>

    <p class='ocr_par' dir='ltr' id='par_1_10' title="bbox 178 2753 1504 2814">
     <span class='ocr_line' id='line_1_37' title="bbox 178 2753 1504 2814; baseline 0.007 -25"><span class='ocrx_word' id='word_1_269' title='bbox 178 2768 206 2789; x_wconf 78' lang='grc' dir='ltr'>π</span> <span class='ocrx_word' id='word_1_270' title='bbox 242 2768 335 2808; x_wconf 88' lang='lat' dir='ltr'><strong>pro</strong></span> <span class='ocrx_word' id='word_1_271' title='bbox 378 2770 394 2792; x_wconf 80' lang='grc' dir='ltr'><em>τ</em></span> <span class='ocrx_word' id='word_1_272' title='bbox 424 2762 536 2793; x_wconf 86' lang='lat' dir='ltr'><strong>esset</strong></span> <span class='ocrx_word' id='word_1_273' title='bbox 566 2753 610 2792; x_wconf 91' lang='lat' dir='ltr'><strong>in</strong></span> <span class='ocrx_word' id='word_1_274' title='bbox 641 2753 793 2806; x_wconf 69' lang='grc' dir='ltr'><em>πέμπε,</em></span> <span class='ocrx_word' id='word_1_275' title='bbox 844 2754 958 2810; x_wconf 87' lang='lat' dir='ltr'><strong>quod</strong></span> <span class='ocrx_word' id='word_1_276' title='bbox 988 2753 1195 2794; x_wconf 86' lang='lat' dir='ltr'><strong>Doricum</strong></span> <span class='ocrx_word' id='word_1_277' title='bbox 1224 2761 1397 2796; x_wconf 87' lang='lat' dir='ltr'><strong>vocatur</strong></span> <span class='ocrx_word' id='word_1_278' title='bbox 1426 2773 1504 2814; x_wconf 87' lang='lat' dir='ltr'><strong>pro</strong></span> 
     </span>
    </p>
   </div>
  </div>
 </body>
</html>
