1779 3079
207 189 273 240 58
643 190 685 249 §.
722 191 767 238 5.
837 191 911 238 De
948 189 1207 255 digamma.

210 342 294 368 non
337 326 708 382 orthographicam
748 328 823 369 sed
862 328 1031 370 dialecti
1072 328 1207 370 fuisse
1247 328 1536 372 demonstrare
1566 337 1652 371 stu-

210 395 395 435 duimus.
473 394 594 446 Quae
637 395 671 435 si
712 402 826 437 recte
858 396 1171 452 judicavimus,
1216 412 1302 438 non
1344 397 1467 442 alit'er
1494 397 1547 439 de
1575 398 1655 440 hac

210 462 488 504 Doriensium
519 463 750 504 mutatione
775 464 1057 518 judicandum
1088 472 1178 518 est,
1222 465 1297 521 qui
1329 481 1406 507 cur
1432 480 1538 506 sono
1566 480 1655 506 non

207 537 365 571 mutato
398 529 568 586 signum
599 537 756 572 temere
788 532 1068 584 mutaverint,
1102 548 1187 572 non
1216 533 1351 589 magis
1381 532 1653 588 intelligitur.

205 598 433 639 Praeterea
463 613 538 639 cnr
568 597 680 650 ἁβώς
709 599 973 653 scriberent,
1015 599 1090 640 uhi
1120 600 1268 642 Lesbii
1302 601 1437 652 αι’ῗως,
1477 600 1563 641 nisi
1591 599 1656 640 in-

209 674 271 707 ter
300 665 688 722 pronuntiationem
718 666 972 708 interesset?
1046 667 1199 724 Neque
1240 668 1475 708 doctissimi
1517 683 1654 724 gram·

208 734 377 787 matici,
410 733 682 775 Herodianus
712 742 753 774 ct
784 733 1036 776 Heraclides
1068 735 1171 782 (vid.
1204 743 1292 776 not.
1315 737 1359 783 7)
1390 743 1655 792 compertum

205 802 446 854 habehant,
509 801 615 841 illud
656 808 682 853 ρ’
721 801 922 857 digammi
968 802 1173 843 vicarium
1218 803 1342 844 aliter
1386 802 1656 860 pronuntiari

204 886 330 927 quam
360 869 579 925 vulgarem
609 869 791 909 literam.
864 869 918 910 Et
957 869 1125 910 videtur
1163 870 1276 911 idem
1316 871 1654 929 glossographus

205 945 253 977 ut
296 937 484 978 diversas
529 935 722 990 ejusdcm
761 937 878 979 vocis
918 937 1151 994 scripturas
1195 952 1548 979 commemorasse
1577 943 1656 991 βη-

202 1005 408 1058 ράνθεμον
439 1011 481 1045 et
509 1002 808 1055 thyo'cmstauov,
840 1006 1008 1059 γραιβιά
1038 1011 1080 1045 ct
1107 1007 1298 1058 γραιΓιά.

314 1072 413 1125 Quo
452 1087 552 1113 vcro
598 1078 785 1129 tempore
825 1088 915 1113 eam
946 1072 1221 1114 mutationem
1252 1073 1408 1114 saetam
1439 1071 1653 1114 existime-

202 1141 329 1182 mus?
401 1140 472 1180 Al)
504 1139 684 1181 Italiotis
726 1155 863 1197 usque
902 1139 955 1180 ad
998 1148 1194 1198 quartum
1223 1157 1260 1182 a.
1297 1140 1400 1182 Chr.
1434 1140 1653 1182 saeculum

203 1208 344 1266 ipsum
376 1208 585 1265 digamma
627 1207 832 1265 scriptum
878 1207 1012 1249 fuisse
1057 1215 1223 1249 constat
1261 1223 1341 1249 nec
1379 1207 1499 1266 prius
1541 1207 1654 1265 apud

203 1277 397 1318 Lacones
441 1282 483 1317 et
529 1275 758 1317 Cretenses
800 1275 1064 1317 obsolevisse
1108 1276 1337 1318 credimus.
1438 1275 1654 1316 Proximis

202 1344 386 1386 sacculis
430 1343 544 1385 tituli
575 1351 617 1385 et
645 1343 853 1385 Laconici
898 1349 1158 1402 (quanquam
1199 1344 1267 1384 his
1306 1343 1449 1384 minus
1488 1343 1532 1383 in
1573 1344 1654 1384 hac

200 1429 244 1454 re
275 1413 337 1454 uti
369 1413 498 1466 licet,
544 1411 643 1469 quia
667 1412 948 1469 ‘proprietatis
979 1412 1219 1453 Laconicae
1250 1411 1424 1453 omnino
1454 1417 1653 1468 expertes

198 1483 315 1536 sunt)
361 1487 402 1522 ct
434 1480 594 1521 Cretici
635 1496 776 1536 neque
816 1480 1025 1537 digamma
1065 1496 1205 1536 neque
1247 1479 1446 1520 vicariam
1484 1478 1653 1519 literam

199 1555 226 1599 (ἐ
255 1549 472 1591 exhibent.
543 1548 661 1589 Haec
693 1548 864 1589 saeculo
895 1549 1063 1589 demum
1093 1555 1192 1604 post
1219 1554 1409 1587 nostram
1439 1561 1577 1587 aeram
1608 1545 1653 1586 in

201 1617 449 1658 nominihus
489 1616 744 1673 quibusdam
782 1615 969 1673 propriis
1009 1615 1287 1672 conspicitur.
1363 1614 1524 1655 Eodem
1562 1613 1653 1654 fere

201 1693 391 1742 tempore
440 1684 703 1740 grammatici
755 1684 978 1737 vixerunt,
1038 1683 1113 1740 qni
1154 1684 1205 1724 de
1246 1684 1326 1723 hoc
1371 1681 1651 1723 Doriensinm

199 1768 316 1794 more
344 1752 635 1807 tradiderunt,
676 1752 956 1805 Heraclides,
997 1751 1270 1792 Herodianus
1309 1757 1350 1791 et
1378 1749 1650 1806 Pamphilus,

200 1821 312 1863 unde
333 1821 578 1877 Hesychius
611 1835 687 1860 sua
716 1820 820 1861 hacc
851 1819 992 1861 onmia
1022 1819 1216 1860 hausisse
1246 1818 1439 1870 videtur,
1471 1817 1514 1857 id
1534 1816 1650 1874 quod

199 1890 333 1930 semel
362 1896 563 1946 apparet,
610 1888 695 1929 vid.
730 1895 818 1927 not.
853 1890 895 1930 8.
974 1887 1082 1928 Nam
1124 1886 1174 1926 ad
1218 1885 1480 1941 antiquiores
1511 1900 1649 1940 gram-

197 1956 397 1998 maticos.
445 1963 491 1996 nt
529 1956 578 1996 ad
619 1955 924 2012 Aristophanis
965 1955 1130 2010 glossas
1170 1952 1435 2004 Laconicas,
1489 1951 1648 2009 quibus

196 2024 447 2081 Pamphilus
478 2040 582 2064 usus
613 2031 725 2075 crat„
758 2038 860 2063 num
892 2037 975 2078 qna
1003 2036 1150 2062 eornm
1182 2020 1404 2061 referenda
1434 2020 1546 2073 sint,
1583 2019 1647 2060 in-

193 2091 476 2133 ccrtissinnnn
514 2098 592 2131 est.

308 2158 490 2199 Accedit
531 2158 734 2199 disertum
775 2157 826 2197 de
867 2157 1028 2198 recenti
1070 2157 1163 2211 ejus
1204 2155 1449 2197 mutationis
1479 2154 1647 2212 origine

199 2226 504 2268 testimoninm.
578 2225 840 2266 Scholiastcs
882 2225 1138 2266 lloincricns
1185 2225 1288 2271 (vid.
1332 2231 1419 2264 not.
1453 2224 1524 2274 23)
1567 2238 1646 2264 suo

195 2303 385 2352 tempore
417 2309 439 2333 a
462 2293 662 2334 Cretihns
687 2293 872 2342 litlmmjv
904 2293 1169 2351 pronuntiari
1204 2293 1332 2333 tradit
1361 2291 1493 2349 (qnod
1514 2307 1644 2348 quum

196 2362 442 2404 Eustathius
483 2361 594 2417 apud
634 2368 798 2400 veteres
840 2378 884 2401 sc
926 2362 1137 2418 reperisse
1175 2361 1302 2405 «licit,
1349 2360 1487 2417 ipsum
1531 2360 1644 2399 hunc

195 2429 451 2471 scholi-asten
498 2427 732 2483 iutelligit).
811 2428 897 2480 Qui
939 2428 1036 2484 quis
1076 2428 1205 2468 fucrit
1236 2436 1277 2468 ct
1306 2444 1388 2484 qua
1419 2433 1551 2467 aetate
1583 2426 1642 2467 vi-

194 2497 304 2539 xerit
336 2511 578 2553 ‹piaiiquam
608 2497 834 2537 obscurum
869 2503 957 2538 cst.
991 2503 1171 2536 attamen
1203 2496 1273 2536 vix
1293 2502 1388 2535 antc
1408 2493 1642 2535 secundum

195 2572 292 2622 post
321 2572 506 2605 nostram
539 2581 677 2605 acram
706 2564 922 2604 sacculum
947 2564 1103 2604 vixisse
1126 2563 1306 2604 videtur.
1352 2562 1505 2603 Strabo
1528 2567 1642 2602 certe

194 2633 375 2673 cundem
408 2633 547 2672 locum
580 2632 782 2679 'malumst‘
812 2632 999 2673 vocavit.
1043 2631 1244 2686 (ligamini
1277 2631 1318 2671 vi
1347 2645 1423 2687 per
1454 2628 1638 2670 vocalem

193 2706 212 2740 o
246 2716 475 2756 expressa.
525 2700 672 2740 Crates
707 2699 928 2740 Mallotes,
973 2698 1209 2739 Aristarchi
1243 2696 1531 2745 :uls-ursarius,
1576 2695 1637 2736 «li-

195 2784 360 2823 gammo
391 2767 549 2807 omisso
580 2767 769 2816 ,lmmjvz
812 2767 918 2807 mal(-
954 2767 1065 2806 cninn
1098 2766 1208 2822 apud
1243 2763 1508 2805 Eustatlnium
1539 2762 1638 2803 huic
