1779 3079
275 176 374 225 498
676 173 904 222 Addenda
940 184 984 221 et
1016 173 1328 239 Corrigenda

277 312 442 353 Lexieo
462 341 474 363 ,
522 309 995 352 Pseudo-Phalaridis
1026 311 1234 368 epistolae
1263 309 1550 352 LXXXVIII
1583 309 1734 352 inseri-

276 387 395 437 ptum
428 385 509 420 est.
573 377 692 419 Idem
724 378 894 420 restitui
925 387 1093 437 oportet
1122 378 1318 436 Diogeni
1349 377 1524 420 Laertio
1553 377 1597 418 X
1618 408 1631 431 ,
1664 377 1732 419 15.

277 449 348 501 17,
379 447 457 488 ubi
487 454 844 488 commemoratur
865 448 1115 502 ’Ἕρμαρχος
1145 445 1396 500 Ἀγεμάρχου
1425 445 1734 503 Mytilenacus,

278 515 461 573 Epicuri
494 530 751 569 successor;
802 532 903 573 pars
933 515 1050 558 enim
1080 515 1292 557 librorum
1323 514 1467 571 priore
1496 514 1594 555 loco
1622 510 1737 566 Ἀγε-

277 583 435 637 μάρτου
465 582 666 639 praehet,
709 584 844 625 altero
874 585 1016 642 ipsum
1046 582 1310 638 Ἀγεμόρτου.
1384 581 1532 639 Vulgo
1565 587 1737 622 sonaret

277 650 547 704 Ἀγεζιιβροτος
579 657 624 691 ut
656 649 935 705 Ἐχέμβροτος
975 652 1033 693 cf.
1068 652 1264 709 Hesyeh.
1299 648 1520 704 μορτός,
1564 649 1738 701 ἅνθρω-

275 736 379 771 πος,
411 717 587 768 θνητός,
629 734 757 775 quam
789 719 977 774 glossam
1008 719 1236 761 Aeolicam
1266 717 1416 759 haberi
1446 717 1575 770 lieet,
1605 731 1737 773 quan-

278 803 404 845 quam
448 787 639 839 βροτοῖσι»
682 787 844 841 legitur
889 787 989 827 Ale.
1039 787 1107 828 59.
1197 787 1359 827 Parum
1402 793 1518 826 recte
1562 783 1740 825 Rcilius

275 854 425 896 Anall.
460 853 616 911 Epigr.
650 871 692 911 p.
713 853 795 894 2:33
829 853 1057 910 proposuit
1086 851 1359 907 Ἀγελάρχου,
1392 853 1508 893 idem
1540 851 1652 893 nihil
1685 851 1738 892 de

277 923 451 964 nomine
486 923 732 975 ’Ἑᾪμαοχος
772 920 1046 976 suspicatus,
1095 920 1211 977 quod
1251 937 1273 961 e
1313 919 1556 961 Villoisoni
1595 919 1741 974 conje-

277 998 395 1032 ctura
426 990 588 1030 editum
622 996 713 1037 est,
748 1004 883 1046 quum
915 995 956 1029 et
986 987 1101 1045 apud
1124 988 1398 1044 Diogenem,
1429 987 1506 1029 ubi
1536 988 1664 1029 homo
1694 986 1741 1027 in

277 1057 485 1115 proximis
519 1056 760 1098 sexcentIcs
793 1056 1068 1108 nominatur,
1103 1063 1143 1097 et
1172 1056 1286 1113 apud
1312 1057 1585 1097 Athenaeum
1611 1054 1741 1106 XIII,

279 1125 374 1168 588.
405 1125 440 1165 Β
474 1124 520 1165 in
551 1124 678 1166 libris
710 1140 875 1165 summa
906 1123 1149 1166 constantia
1173 1124 1395 1178 ‘'Epicalog·
1426 1124 1635 1181 scriptum
1668 1122 1740 1164 sit.

277 1193 462 1235 Nosmet
492 1208 578 1233 non
612 1192 862 1233 dubitamus
895 1193 1001 1250 quin
1027 1194 1131 1234 haec
1154 1193 1289 1234 forma
1315 1191 1504 1249 genuina
1529 1191 1612 1245 sit3
1645 1206 1741 1232 nam

275 1261 539 1315 ‘E'952d12039
593 1261 710 1319 quod
757 1268 823 1302 cst
863 1261 1018 1302 Boeoti
1061 1276 1217 1303 nomen
1267 1260 1319 1300 C.
1364 1259 1399 1300 I.
1444 1275 1510 1300 nr.
1546 1258 1655 1301 1593
1701 1265 1743 1299 et

278 1329 616 1371 Hermionensis
661 1345 726 1369 nr.
762 1329 897 1383 1220,
946 1329 1023 1369 ubi
1055 1345 1189 1385 quum
1220 1327 1466 1368 Boecltliius
1490 1327 1743 1381 ''Epttcapxog

280 1398 558 1455 scripsisset,
594 1396 767 1438 {icilius
801 1396 929 1453 Spec.
966 1396 1167 1438 Onomat.
1201 1413 1244 1453 Ι).
1279 1396 1333 1437 28
1363 1395 1524 1452 lapidis
1555 1394 1743 1452 scriptu—

278 1481 369 1507 ram
401 1472 516 1506 reete
559 1472 720 1505 tutatus
760 1472 852 1516 est,
903 1465 987 1506 iota
1018 1464 1204 1522 primum
1238 1463 1483 1520 subscripto
1514 1471 1556 1505 et
1586 1462 1744 1504 deinde

279 1533 494 1576 Lesbiace
551 1533 718 1588 abjecto
774 1532 903 1574 facile
956 1533 1001 1573 in
1051 1532 1272 1587 ''L'ppcbxog
1321 1532 1508 1574 transire
1559 1538 1741 1589 poterat.

278 1601 487 1644 Photium
528 1600 624 1642 cod.
662 1601 758 1653 167,
810 1600 885 1641 uhi
909 1600 1157 1655 ’Ἕρμαρχος
1200 1600 1375 1656 quidam
1418 1597 1744 1641 commemorari

280 1670 487 1723 traditur,
533 1667 752 1725 inspicere
794 1684 880 1709 non
913 1668 1032 1710 licet.
1108 1668 1280 1709 Deinde
1312 1665 1545 1708 ,Ἠελαντάω
1575 1673 1691 1708 recte
1719 1680 1743 1706 a

281 1738 471 1779 Lebasio
499 1736 750 1778 restitutum
781 1736 979 1788 videtur,
1025 1736 1102 1794 qui
1145 1751 1280 1793 quum
1311 1734 1637 1793 Francogallice
1669 1734 1743 1775 lno-

281 1806 442 1847 minem
472 1807 662 1847 Me'lante
694 1804 853 1845 dixerit
884 1811 926 1845 et
963 1804 1077 1845 infra
1116 1804 1147 1845 l.
1186 1803 1237 1845 10
1280 1803 1464 1862 genitivi
1503 1809 1743 1845 monstrum

281 1872 574 1927 Ἀγημωιιιὸάω
616 1873 684 1925 (d’
714 1873 1018 1926 Heqe‘monicle)
1059 1872 1256 1922 finxerit,
1305 1871 1545 1928 genitivum
1587 1887 1609 1911 a
1649 1875 1744 1911 Me-

282 1941 429 1988 λάντας
473 1940 664 1982 voluisse
708 1940 988 1996 intelligitur.
1063 1940 1160 1982 Hoc
1203 1956 1305 1981 sanc
1348 1946 1438 1981 erat
1480 1937 1741 1980 Lesbiacum

282 2024 466 2061 nomen,
517 2024 603 2065 quo
645 2008 938 2064 Theophrasti
975 2008 1123 2049 Eresii
1162 2014 1284 2065 pater
1322 2021 1428 2047 usus
1473 2013 1562 2059 est,
1610 2020 1743 2063 quare

282 2074 551 2125 Μελάνταος,
599 2075 716 2132 quod
755 2074 966 2116 Lesbiace
1008 2091 1085 2131 pro
1125 2075 1389 2122 Πίελανταῖος
1428 2075 1620 2131 positum
1659 2080 1740 2128 est,

282 2142 628 2202 patronymicum
660 2158 756 2184 esse
787 2142 1072 2195 arbitramur,
1120 2143 1172 2184 de
1204 2158 1287 2201 qua
1319 2158 1364 2184 re
1394 2142 1447 2183 ad
1478 2143 1509 2184 l.
1545 2142 1599 2184 10
1629 2141 1742 2183 dice-

282 2227 392 2254 mus.
427 2237 481 2243 —
537 2210 588 2252 ln
618 2211 694 2252 l.7
725 2226 811 2252 non
842 2218 908 2252 est
939 2210 1145 2264 dubium,
1182 2210 1288 2268 quin
1322 2209 1614 2252 nominativus
1649 2213 1743 2250 Πο-

282 2278 479 2329 λυδεύκης
508 2278 614 2320 ferri
643 2286 857 2335 nequeat,
908 2294 1041 2337 quum
1085 2278 1197 2321 inter
1229 2278 1453 2337 sequentia
1484 2276 1656 2319 nomina
1686 2292 1741 2319 ne

281 2347 419 2389 ullum
450 2346 626 2404 quidem
658 2346 924 2388 nominativo
955 2361 1058 2387 casu
1091 2354 1258 2401 utatur,
1296 2361 1428 2405 quare
1451 2350 1491 2387 Σ
1515 2352 1560 2387 ut
1590 2344 1690 2387 inl.
1714 2344 1740 2386 3

281 2415 333 2457 ab
365 2415 420 2456 iis
449 2415 523 2472 qni
565 2415 891 2472 descripserunt
929 2414 1038 2456 male
1081 2414 1296 2470 adjectum
1336 2414 1536 2468 videtur3
1581 2427 1739 2459 nomen

283 2483 436 2536 ἰνίέγων
463 2483 625 2540 legitur
656 2483 701 2524 in
731 2484 857 2526 titulo
888 2482 1095 2525 Boeotico
1128 2483 1179 2524 C.
1214 2484 1250 2525 I.
1285 2499 1350 2524 nr.
1373 2482 1496 2525 1608.
1518 2482 1559 2523 d.
1622 2479 1738 2521 Εὐα-

281 2551 426 2604 γένης,
476 2551 593 2609 quod
623 2551 936 2608 Franeogallus
967 2565 1068 2594 sans
1098 2553 1225 2594 doute
1256 2551 1308 2593 ab
1343 2550 1462 2603 Εὕα,
1507 2547 1738 2605 Argolidis

281 2618 469 2676 oppid0‚
502 2618 675 2661 ductum
707 2626 878 2674 censet,
911 2620 1027 2661 haud
1059 2619 1189 2662 dubie
1221 2635 1273 2662 ex
1301 2617 1515 2674 adjectivo
1545 2615 1738 2669 ev’tyyevq‘c

284 2707 331 2723 ε
366 2685 528 2739 εὐγενής
567 2688 726 2730 factum
767 2696 855 2738 est,
902 2687 1112 2744 siquidem
1146 2688 1361 2730 Lebasius
1392 2693 1506 2727 recte
1537 2683 1735 2726 emenda-

283 2754 371 2810 vit5
422 2770 518 2795 nam
557 2756 661 2796 licet
700 2756 823 2797 etiam
868 2755 918 2796 de
951 2756 1173 2806 lifiwsa'msg
1214 2757 1403 2813 cogitare
1438 2753 1489 2794 ab
1521 2750 1735 2806 adjectivo
