1779 3079
211 192 276 243 94
686 191 758 238 De
792 189 1173 239 consonantibus.

215 330 374 383 verbo,
417 327 541 382 cujus
580 342 783 385 praesens
823 327 935 385 apud
971 327 1141 370 Atticos
1182 329 1366 384 ἁρμόττει)
1408 329 1586 371 sonabat
1615 336 1658 372 et

216 398 327 439 unde
357 397 487 453 vulgo
520 395 673 449 ἁρμογή
705 395 979 450 derivabant,
1024 396 1259 454 antiquitus
1296 396 1521 454 ambiguus
1561 397 1656 440 cha·

213 472 352 506 ractcr
379 464 513 505 fuisse
542 463 722 505 videtur.

327 532 372 582 6)
432 532 581 572 Restat
609 539 656 572 ut
685 531 972 588 explicemus,
1020 533 1234 590 quomodo
1275 532 1368 574 lieri
1397 531 1585 590 potuerit
1612 538 1660 573 ut

217 600 357 640 Dores
391 615 412 639 a
445 599 594 648 δικάζω
627 599 911 641 derivaverint
940 601 1129 653 ἐδίκαξα,
1171 601 1347 650 ὁίκαξις,
1395 600 1471 642 sed
1501 601 1660 640 δεδίκα-

216 684 343 720 σμαι,
389 666 644 719 ἐδικάσθην,
690 668 890 709 δικασταί.
962 667 1240 722 Memineris,
1284 683 1470 726 quaeso,
1515 671 1661 716 §esse

216 750 294 793 pro
326 734 368 790 dj
400 734 472 785 (L.
493 735 514 776 l
545 730 584 791 ξ.
616 736 668 788 7,
704 736 740 775 1.
773 735 832 785 4).
894 735 1042 792 Itaque
1075 736 1207 792 vulgo
1236 735 1281 776 in
1312 735 1538 789 derivatis,
1584 734 1661 776 ubi

213 802 337 844 tertia
367 817 556 844 consona
585 802 837 854 accedebat,
871 802 1054 859 primum
1085 803 1223 845 media
1253 803 1487 844 secundum
1513 810 1657 844 notam

214 870 404 912 ,Graecae
434 870 606 926 linguae
636 869 775 925 legem
807 869 969 924 ejecta,
1015 870 1169 912 deinde
1210 872 1235 910 ὃ
1269 877 1364 911 ante
1402 885 1588 927 sequens
1620 886 1659 919 σ,

215 956 260 991 μ,
290 956 326 987 τ,
359 944 389 978 θ
420 937 464 978 in
498 954 521 977 σ
550 943 755 977 mutatum
787 944 878 991 est,
918 937 976 978 ita
1004 945 1144 978 tamen
1173 945 1221 978 ut
1250 946 1441 994 tempore
1470 936 1662 994 paullum

215 1005 452 1047 recentiore
481 1019 559 1061 pro
590 1004 751 1062 duplici
782 1005 918 1062 sigma
947 1005 1131 1062 simplex
1159 1011 1404 1063 poneretur.
1446 1004 1544 1047 Jam
1561 1017 1663 1046 vero

211 1073 449 1115 Dorienses
479 1075 501 1120 ζ
521 1072 669 1113 rudius
691 1072 993 1129 pronuntiasse
1015 1072 1214 1114 videntur
1244 1072 1376 1121 (unde
1399 1072 1557 1113 sactum
1578 1078 1659 1125 est,

214 1148 260 1182 ut
290 1140 403 1198 apud
432 1140 629 1181 Lacones
659 1148 702 1181 et
722 1139 1001 1197 Megarenses
1032 1140 1077 1181 in
1110 1142 1155 1180 δὸ
1183 1142 1435 1188 mutaretur)
1468 1139 1542 1192 ita,
1573 1138 1663 1196 opi-

211 1223 317 1261 nor,
364 1214 411 1249 ut
440 1207 526 1248 iota
556 1223 793 1250 consonum
823 1208 1066 1250 distinctius
1097 1207 1328 1249 audiretur.
1406 1207 1502 1248 Hoc
1531 1206 1665 1263 igitur

213 1291 310 1317 cum
356 1275 555 1332 sequenti
597 1292 621 1316 σ
661 1275 786 1316 facile
829 1275 873 1316 in
914 1281 933 1325 ξ
974 1276 1212 1318 coalescere
1251 1274 1390 1333 potuit
1429 1274 1664 1331 (quomodo

214 1342 341 1384 etiam
371 1343 415 1383 in
436 1342 600 1384 Dorico
632 1342 733 1392 κλάξ
762 1358 840 1401 pro
871 1342 1005 1397 κλείς,
1039 1345 1176 1394 κληῒς,
1209 1346 1324 1391 κλαΐς
1354 1346 1374 1390 ξ
1403 1358 1454 1384 ex
1485 1359 1523 1390 ις
1551 1341 1596 1382 in
1618 1341 1664 1396 js

214 1410 388 1452 mutatis
418 1417 563 1452 natum
594 1411 807 1465 videtur),
861 1410 1116 1452 antecedens
1161 1412 1186 1451 ὃ
1224 1410 1378 1452 deinde
1416 1417 1512 1450 ante
1543 1413 1564 1458 ξ
1593 1409 1664 1450 ah-

207 1478 290 1533 jici
315 1479 552 1535 oportebat.
603 1479 764 1521 Contra
796 1495 891 1521 cum
922 1478 1018 1520 aliis
1047 1478 1250 1520 consonis
1281 1477 1561 1536 sequentibus
1579 1476 1666 1518 iota

213 1546 423 1602 conjungi
463 1563 548 1588 non
594 1554 787 1606 poterat,
846 1563 931 1606 qua
970 1547 1022 1589 de
1062 1562 1189 1589 causa
1226 1545 1414 1603 vulgaris
1452 1544 1558 1587 ratio
1596 1544 1666 1586 hie

212 1621 376 1656 servata
406 1622 485 1656 est.

864 1787 906 1842 ξ.
954 1789 1020 1832 12.

526 1882 606 1914 lle
642 1885 1026 1915 consonantibus
1064 1883 1357 1923 duplicibus.

329 1962 373 2011 1)
433 1961 636 2003 Doricam
675 1962 901 2003 dialectum
943 1966 964 2010 ζ·
1003 1962 1045 2003 in
1089 1963 1139 2001 σὸ
1174 1961 1373 2002 dirimere
1403 1960 1666 2017 grammatici

217 2028 390 2069 tradunt
412 2031 470 2079 ¹),
512 2036 558 2068 ut
591 2029 760 2082 σδυγός,
794 2031 974 2083 &egeln-dm
1005 2044 1082 2085 pro
1114 2028 1256 2081 ζυγός,
1289 2030 1457 2083 θέρίζω.
1518 2029 1573 2069 Et
1602 2043 1666 2070 re·

215 2096 442 2153 periuntur
485 2099 507 2143 ζ
546 2096 601 2136 ita
639 2097 788 2137 mutati
829 2096 1020 2152 exempla
1050 2096 1161 2136 haud
1192 2112 1324 2153 pauca
1357 2096 1466 2152 apud
1496 2096 1666 2137 Alcma-

215 2179 313 2204 nem
353 2170 394 2203 et
432 2163 538 2203 alios
579 2163 764 2219 lyricos,
822 2171 1000 2220 excepto
1042 2170 1179 2203 tamen
1223 2164 1436 2216 Pindaro,
1484 2163 1666 2220 plurima

216 2230 329 2288 apud
359 2235 504 2287 poetas
537 2231 756 2272 bucolicos
787 2232 890 2272 etin
916 2232 1310 2288 Pythagoreorum,
1343 2247 1449 2288 quae
1473 2232 1667 2272 feruntur

216 2298 441 2355 reliquiis,
474 2299 681 2340 nonnulla
711 2299 836 2341 etiam
868 2299 909 2339 in
944 2298 1021 2353 iis,
1069 2316 1175 2356 quac
1209 2315 1285 2356 pro
1315 2299 1540 2341 Laconicis
1567 2308 1665 2341 ven'·

266 2517 297 2554 l)
348 2514 489 2549 Scholl.
518 2515 628 2550 Dion.
656 2516 746 2549 Thr.
776 2518 857 2556 750,
888 2518 939 2551 16.
989 2518 1136 2561 ἴγραᾳον
1172 2516 1210 2549 τὸ
1244 2518 1263 2550 ὅ
1299 2517 1354 2548 καὶ
1385 2508 1418 2549 ὸ-
1438 2513 1514 2547 tiz-ri
1541 2517 1602 2547 τοῦ
1636 2514 1663 2555 ἶ,

215 2581 325 2629 ὥσπερ
363 2585 418 2616 καὶ
450 2587 509 2616 νῦν
543 2581 734 2629 Μ”ρίσκομεν
771 2584 867 2627 παρὰ
894 2589 1088 2630 Δωριεῦσιν.
1125 2607 1162 2613 -
1226 2586 1283 2619 Et.
1313 2585 1362 2618 M.
1388 2585 1467 2617 412.
1495 2584 1542 2616 in.
1581 2571 1667 2617 τὸῗ

216 2652 412 2686 &samonam
436 2652 466 2685 οἱ
483 2656 622 2696 Δωριεῖς
647 2652 689 2690 εἰς
715 2650 732 2686 ἆ
761 2655 816 2686 καὶ
832 2645 881 2686 '6-
924 2650 993 2685 οἷον
1011 2653 1106 2695 ζυγὸς
1132 2653 1273 2696 οδνγός·
1308 2651 1481 2696 ζευκτῆρις
1505 2652 1663 2693 ademeri-

215 2721 287 2750 (ἦς’
315 2709 438 2754 θερίζω
469 2712 638 2755 θιρίσὸω·
665 2710 786 2756 συρίζω
811 2714 974 2756 συριόὸω·
1004 2711 1207 2756 Θεόκριτος,
1245 2711 1291 2745 cs.
1321 2711 1379 2744 Et.
1406 2709 1502 2743 (iud.
1532 2709 1617 2749 233,
1642 2708 1663 2740 6

220 2776 253 2801 et
281 2769 420 2802 scholi.
447 2769 605 2804 'theon-1:
634 2769 670 2810 1,
696 2772 728 2804 3.

1771 2957 1778 3025 ἒ

1771 3029 1779 3079 ι
