1779 3079
564 168 604 229 ς.
641 168 687 219 4.
757 171 831 217 De
864 168 1045 233 spiritu.
1455 173 1520 222 25

93 303 246 346 dentur
274 321 296 346 a
325 304 463 346 radice
494 303 709 346 Sans-crim
734 303 898 359 jadsh
937 304 1185 358 (venerari),
1238 304 1379 347 miuus
1407 313 1519 347 recte

93 380 389 428 comparantur
416 370 570 412 Latina
604 385 782 423 sacer,
814 370 1018 411 sancio.

205 441 225 478 ἑ
261 439 380 479 radix
415 438 461 479 in
493 436 662 490 ἀᾳψέθεις
692 436 868 493 Lamps.
901 438 979 491 143
1031 446 1293 495 comparatur
1320 455 1343 479 a
1374 439 1517 479 Pottio

93 505 140 557 Ι,
170 505 251 547 276
281 505 401 546 radix
432 504 648 546 Sanscrita
686 520 739 545 as
776 501 995 560 (jacere),
1037 505 1148 545 unde
1188 506 1520 563 transpositione

92 578 231 612 natam
259 578 482 628 putamus,
513 571 670 614 diversi
700 588 722 612 a
752 571 918 625 Potti03
955 571 1052 613 vide
1080 578 1220 612 tamen
1248 574 1428 615 eundem
1459 573 1517 614 ll.

90 655 134 696 p.
166 638 262 680 672.

202 705 332 745 εὕδω
365 706 411 747 ἰη
443 706 630 748 καθεύδω
662 705 707 748 S.
739 706 819 760 ,243
855 706 899 746 in
930 705 1108 763 reliquis
1148 706 1311 764 linguis
1342 716 1519 765 cog-nata

92 772 221 830 stIrpS
252 789 336 814 nou
367 775 605 831 reperitur,
635 781 676 815 at
706 772 831 824 ιάύω,
863 774 977 830 quod
1006 790 1090 813 non
1122 774 1306 814 alienum
1337 776 1517 829 videtur,

93 838 289 897 Spiritum
319 857 341 882 c
364 831 393 897 ἶ
417 850 562 883 natum
599 842 767 900 prodit,
808 857 1048 899 quanquam
1086 841 1130 881 in
1159 840 1247 891 edm}
1282 839 1352 897 (ex
1383 842 1517 898 εύὸὶνη)

88 907 201 948 lenis
232 914 310 949 cst.

202 974 323 1023 ὅὸος
365 975 411 1016 in
450 975 598 1030 ἔφοδος
637 977 811 1034 Lamps.
851 977 931 1031 29,
972 975 1025 1019 cf.
1068 974 1240 1018 Sanscr.
1275 977 1369 1019 sad
1407 975 1518 1035 (irc)

90 1039 191 1081 Pott
217 1041 254 1082 Ι.
285 1059 328 1099 p.
361 1044 466 1097 248,
499 1044 628 1086 Gicse
657 1062 699 1102 p.
731 1044 828 1087 248.

202 1109 304 1161 ὁρῶ
343 1106 523 1166 (videre)
557 1112 603 1152 in
634 1110 797 1166 ἐᾳόρεις
823 1109 923 1153 Ale.
955 1112 1024 1154 70.
1057 1112 1113 1153 cf.
1147 1127 1390 1166 servare,
1432 1112 1514 1153 oh-

91 1191 322 1218 servare.

199 1244 326 1298 ὑπὲρ
356 1244 401 1285 in
432 1244 693 1297 καθύπερθεν
720 1245 819 1287 Ale.
852 1249 892 1288 7.
928 1246 983 1286 cf.
1018 1262 1197 1303 super.

201 1310 296 1353 ὑπὸ
327 1312 372 1353 in
402 1312 610 1366 πρώτισθ’
641 1312 716 1354 ὑπὸ
747 1314 846 1354 Ale.
876 1313 916 1354 7.
951 1314 1005 1353 cf.
1040 1313 1152 1354 suh.

201 1380 306 1434 ὥρα
343 1379 387 1420 in
431 1379 569 1434 ἔρχεθ’
611 1380 698 1434 ὥρα
741 1380 784 1422 S.
813 1382 891 1434 245,
938 1388 1052 1423 recte
1087 1380 1258 1423 Pottius
1288 1381 1323 1422 I.
1362 1398 1403 1439 p.
1442 1384 1517 1425 123

88 1454 300 1504 comparat
328 1447 556 1488 Gothicum
581 1448 670 1502 jer
699 1445 891 1503 (annus).

200 1512 245 1569 6)
287 1514 444 1555 Contra
481 1515 594 1556 lenis
632 1514 814 1568 indicia,
857 1515 930 1556 ubi
959 1514 1089 1572 vulgo
1120 1530 1243 1572 asper
1272 1523 1358 1570 est,
1400 1532 1517 1573 repe-

89 1580 262 1622 riuntur
291 1581 336 1622 in
364 1582 456 1622 his:

202 1648 362 1701 ἇγρέω
392 1663 468 1705 pro
505 1648 625 1702 αἱρέω
657 1646 730 1704 (ef.
760 1649 920 1690 Buttm.
952 1648 1093 1690 Lexil.
1126 1648 1162 1689 I.
1192 1664 1234 1704 p.
1260 1649 1353 1703 130,
1387 1649 1518 1692 Giesc

89 1733 133 1773 p.
164 1714 273 1771 234)
304 1741 358 1747 --
388 1714 649 1770 κατάγρεντον
678 1716 810 1757 Lesb.
841 1716 975 1770 2166,
1009 1716 1084 1769 10,
1124 1715 1313 1768 κατάγρει
1357 1716 1514 1774 Sapph.

89 1784 159 1825 98.
192 1783 246 1823 cf.
280 1783 385 1824 Hcs.
419 1785 629 1837 καταγρεῖ,
668 1784 887 1833 authelmi,-
932 1799 1072 1840 neque
1111 1782 1234 1823 aliter
1274 1783 1448 1839 spiritus
1477 1801 1518 1824 a-

91 1866 189 1906 sper
204 1857 375 1907 apparet
396 1850 440 1889 in
465 1850 695 1892 Homerico
719 1849 959 1903 αι”τάγρετος
988 1866 1065 1907 pro
1096 1848 1342 1901 αὐθαίρετος
1368 1851 1450 1891 Od.
1471 1869 1516 1905 π,

90 1918 195 1970 148,
250 1923 292 1957 ct
338 1916 585 1975 ubicunque
625 1926 741 1960 extra
778 1917 1000 1959 Aeolicam
1040 1917 1266 1958 dialectum
1305 1918 1521 1974 antiquior

63 1985 222 2025 ’forma
252 1991 414 2025 servata
444 1991 521 2025 est.
583 1984 760 2026 Giesius
791 1992 832 2026 et
852 1985 1021 2026 Pottius
1051 1985 1087 2025 I.
1118 2000 1161 2041 p.
1183 1985 1266 2027 234
1295 1987 1521 2027 conferunt

90 2050 261 2092 Sanscr.
294 2051 378 2092 hri
418 2048 759 2109 (prehendere),
807 2052 964 2109 quihus
1002 2067 1090 2093 non
1127 2051 1349 2106 adversor,
1394 2053 1519 2095 modo

90 2119 116 2158 ἆ
144 2118 381 2175 euphonice
419 2119 706 2176 praepositum
733 2119 965 2174 judicetur.

201 2185 367 2238 ἄμμες
394 2210 448 2216 —-
478 2185 521 2226 κ’
553 2186 651 2238 ἄμμι
678 2187 779 2227 Alc.
811 2186 881 2240 (30,
916 2184 987 2227 οὐκ
1019 2185 1117 2238 ἄμμι
1147 2185 1193 2227 S.
1225 2186 1305 2240 78,
1337 2195 1378 2227 et
1406 2187 1518 2228 lenis

88 2251 353 2294 certissimus
395 2259 461 2294 est
489 2253 602 2310 apud
630 2253 863 2295 Homerum
894 2260 934 2294 ct
972 2253 1219 2311 ubicunque
1249 2269 1321 2297 eae
1359 2254 1518 2296 formae

88 2319 318 2376 leguntur,
351 2319 568 2362 Sanscritc
601 2331 784 2363 asman
816 2327 879 2362 est
908 2321 1030 2372 ἡμᾶς.

200 2386 398 2434 ἅπαλος
426 2411 480 2418 -
511 2386 671 2445 Sapph.
704 2388 759 2430 76
795 2386 985 2442 ὠρχεῦντ’
1029 2385 1197 2435 ἁπαλοῖς
1234 2394 1299 2429 est
1335 2387 1382 2427 in
1412 2379 1515 2428 nonss

88 2452 223 2495 nullis
250 2452 392 2503 libris,
423 2453 606 2496 Theocr.
638 2454 709 2508 28,
740 2455 766 2497 4
796 2454 866 2495 ὑπ’
898 2453 1079 2495 ἁπαλῶ
1106 2454 1152 2496 in
1179 2455 1370 2508 duobus,
1401 2470 1515 2496 accc-

87 2520 196 2561 dunt
231 2519 277 2561 in
309 2519 466 2577 Sapph.
507 2521 562 2562 fr.
596 2522 648 2563 15
683 2521 884 2570 κᾶπάλαις
913 2538 936 2564 e
965 2521 1139 2577 Bergkii
1168 2521 1412 2576 conjectura
1437 2537 1514 2578 pro

87 2590 158 2629 καὶ
184 2590 374 2637 πολλαῖς,
414 2594 456 2628 et
486 2587 570 2628 ἀπ’
608 2588 765 2632 ἇπαλᾶιι
798 2591 915 2643 ὁέρᾶν
944 2605 967 2630 c
997 2596 1139 2630 nostra
1168 2603 1243 2646 pro
1273 2587 1514 2631 ἄντιαπαλαι

90 2656 205 2709 ὃεραι
242 2650 342 2709 (aut
377 2670 400 2696 c
429 2654 556 2697 Nevii
592 2655 696 2708 ἀμπ’
731 2655 865 2708 ἀπαλᾷ
896 2656 1024 2707 δέρᾳ).
1105 2655 1202 2696 Vox
1231 2671 1317 2696 non
1347 2655 1513 2701 diversa

90 2728 155 2762 cst
192 2722 242 2762 ab
276 2720 450 2774 ἆμαλός,
499 2721 551 2764 dc
580 2723 704 2780 cujus
735 2723 887 2781 spiritu
917 2723 1048 2763 multa
1083 2722 1194 2763 inter
1221 2722 1515 2777 grammaticos
