1779 3079
356 193 398 251 §.
432 193 513 240 20ὥ
583 193 655 239 De
688 212 715 247 η
750 208 835 253 pro
865 211 897 236 ει
935 200 979 237 et
1016 212 1047 237 ω
1084 208 1169 254 pro
1205 211 1270 238 ου.
1440 193 1532 242 159

91 326 218 379 XIV,
252 327 272 368 1
320 325 418 382 (ubi
458 341 573 367 nune
611 326 749 380 χαῖρεν
787 340 810 366 e
851 324 1142 380 conjectura),
1189 329 1315 380 ἕρπην
1341 325 1447 379 XV,
1477 326 1533 370 26

92 395 186 446 (ubi
213 410 328 436 nune
358 398 493 448 ἕρπειν
522 410 545 435 e
574 393 714 434 tribus
742 391 913 444 libris),
947 393 1068 443 εὖρῆν
1084 394 1166 441 ΧΙ,
1185 396 1237 447 43
1268 394 1532 452 frequentior

91 469 155 504 est
199 463 313 520 apud
358 462 666 519 Pythagoreos.
747 458 796 500 Si
840 459 1094 501 certioribus
1137 460 1329 502 fontibus
1371 461 1530 516 eredis,

91 530 340 573 Laconibus
370 528 558 585 exeeptis
590 542 767 579 omnes,
814 526 888 583 qui
918 528 1131 569 severiore
1162 527 1325 570 Doride
1354 530 1531 571 uteban-

91 606 191 649 tur,
224 598 413 641 ultimam
442 596 753 637 infinitivorum
786 594 994 651 syllabam
1025 596 1287 652 corripuisse
1314 597 1525 639 videntur.

92 665 290 708 Ceterum
318 664 443 707 etiam
473 665 543 706 hic
573 679 805 706 consonam
836 662 1043 718 abjectam
1074 679 1170 706 esse
1190 664 1414 706 docuimus
1443 666 1475 707 l.
1497 667 1528 708 l.

199 731 248 787 6)
307 732 533 774 Praeterea
565 751 587 782 η
619 731 895 790 productione
918 732 1180 789 suppletoria
1210 748 1262 773 ex
1293 748 1308 772 ε
1338 732 1383 773 in
1413 749 1530 774 seve-

90 801 202 843 riore
221 799 386 842 Doride
416 807 563 842 natum
593 801 670 842 hae
704 800 873 857 glossae
905 800 1201 857 Hesychianae
1232 799 1528 858 suppeditant:
1594 830 1598 835 .

203 867 577 922 Πηρεφόψεια,
614 867 921 922 Περσεφόνεια·
965 867 1179 916 Λάκωνες.

197 935 381 990 πήριξ,
419 937 582 989 πέρδιξ·
622 939 797 990 Κρῆτες.

89 1019 333 1062 quanquam
371 1020 444 1045 eae
490 1004 635 1045 minus
674 1005 757 1045 hue
796 1003 1010 1060 pertinere
1054 1002 1276 1056 videntur,
1327 1002 1529 1061 quoniam

90 1072 288 1129 vulgares
319 1071 502 1124 formae,
548 1073 591 1112 in
622 1071 780 1129 quihus
812 1088 846 1111 ει
877 1071 962 1124 sit,
1008 1086 1094 1112 non
1125 1070 1410 1128 reperiuntur.
1480 1072 1531 1113 In

88 1139 189 1182 aliis
227 1139 483 1196 quibusdam
524 1139 702 1181 vocibus
743 1138 932 1180 severior
961 1137 1093 1179 Doris
1130 1157 1155 1188 η
1194 1155 1270 1196 pro
1298 1139 1469 1197 vulgari
1499 1156 1533 1180 ει

89 1214 131 1248 et
160 1224 191 1247 ω
222 1223 299 1264 pro
332 1224 378 1248 ου
415 1207 473 1248 ita
509 1207 709 1264 praebet,
754 1213 800 1248 ut
838 1223 860 1248 e
899 1205 1122 1264 sequentis
1159 1205 1378 1263 liquidae,
1423 1223 1532 1264 quae

88 1274 136 1316 fit
173 1275 284 1331 apud
314 1274 523 1328 Lesbios,
568 1274 856 1332 geminatione
896 1274 948 1315 de
991 1275 1123 1316 altera
1165 1274 1342 1316 duarum
1382 1290 1532 1317 conso-

89 1342 285 1384 nantium
315 1343 451 1399 ejecta
482 1344 672 1401 suspicio
703 1342 923 1384 oboriatur
960 1343 1015 1383 es.
1048 1341 1104 1383 L.
1136 1342 1155 1383 I
1197 1343 1236 1396 §.
1268 1343 1318 1397 8,
1349 1343 1390 1386 8.
1449 1343 1532 1385 Ta-

89 1411 147 1452 lia
177 1417 277 1452 sunt

204 1479 438 1532 ἄπηρος,
497 1479 611 1537 quod
649 1477 858 1520 Doricum
895 1477 1135 1536 appellatur
1172 1492 1250 1535 pro
1288 1478 1456 1533 ἤπειρος
1478 1481 1532 1531 9),

91 1562 222 1604 quum
254 1547 513 1589 Lesbiaeum
545 1546 602 1587 sit
632 1545 820 1600 ἄπερῥος.

205 1615 408 1667 ἄπηρος
447 1630 524 1671 pro
566 1614 762 1666 ἄπειρος,
809 1612 1031 1666 ἀπέραντος
1060 1613 1217 1654 Doridi
1255 1613 1461 1654 tribuitur
1489 1613 1534 1654 in

92 1682 163 1724 Et.
186 1681 241 1723 G.
264 1682 363 1735 247,
384 1682 465 1735 45,
497 1697 682 1739 quocum
712 1697 931 1739 compares
958 1681 1219 1722 Lesbiaeuni
1249 1682 1428 1735 πέρ’ῥατα
1458 1696 1536 1738 pro

90 1751 276 1806 πείρατα.

204 1815 390 1869 Ληράς
420 1816 535 1859 Cret.
559 1817 688 1871 2554,
714 1817 808 1859 134.
835 1815 914 1858 169
942 1832 1020 1874 pro
1051 1815 1190 1871 δειράς
1222 1831 1317 1858 esse
1348 1815 1533 1870 videtur,

91 1902 222 1945 quum
252 1885 463 1927 Lesbiaee
495 1886 616 1938 ὁέῤῥα
648 1886 705 1926 sit
733 1901 810 1942 pro
843 1883 972 1938 ὸειρή.

203 1952 325 2008 χήρ,
369 1953 485 2010 quod
523 1952 731 1994 Doricum
767 1959 944 1994 vocatur
982 1951 1054 1993 Et.
1087 1953 1142 1995 G.
1187 1951 1292 2001 566,
1324 1952 1379 1994 40
1419 1958 1461 1993 et
1489 1951 1532 1994 J.

91 2021 168 2063 Gr.
200 2021 300 2074 243,
319 2021 363 2070 b,
396 2021 507 2079 apud
529 2021 784 2063 Alcmanem
812 2027 920 2061 teste
950 2019 1199 2062 Herodiano
1236 2035 1304 2076 ap.
1336 2019 1535 2061 Eustath.

93 2089 198 2143 110,
247 2088 300 2130 37
350 2089 585 2145 genitivum
630 2088 759 2143 χηρός
801 2088 983 2130 babebat
1025 2089 1078 2129 fr.
1123 2088 1203 2129 114
1231 2086 1346 2141 W.,
1398 2103 1537 2145 neque

93 2162 207 2198 recte
236 2156 282 2197 in
310 2155 499 2212 Lysistr.
534 2158 638 2199 1321
680 2158 789 2210 χειρί
825 2158 893 2199 vel
932 2158 1023 2211 χερί
1051 2155 1257 2212 scriptum
1288 2161 1368 2196 est.
1427 2155 1536 2196 Les-

91 2224 177 2266 biis
209 2223 496 2266 nominativus
525 2240 612 2265 non
645 2225 786 2266 minus
817 2224 896 2280 2²39
924 2224 1128 2277 sonabat,
1159 2223 1247 2265 vid.
1280 2223 1300 2264 I
1331 2222 1372 2276 ξ.
1393 2223 1463 2275 14,
1483 2224 1534 2277 23

92 2292 138 2334 in
168 2292 350 2350 reliquis
380 2291 553 2333 casibus
583 2292 793 2350 liquidam
825 2293 1101 2350 geminabant
1130 2298 1176 2332 ut
1204 2291 1358 2345 χέρ’ῥες.

207 2361 603 2413 ἐγΓηληθίωντι
641 2360 812 2402 Herael.
855 2361 898 2414 I,
931 2361 1012 2402 104
1051 2361 1115 2412 (αι’
1152 2361 1192 2399 δὲ
1232 2356 1309 2398 ὑπὸ
1340 2356 1537 2407 πολεμίων

94 2429 416 2482 ἑΪΓῙΙληθίωνῖῦ,
467 2427 563 2474 ὤςῒὲ
600 2426 653 2479 μ’)
697 2429 836 2480 ἕξῆμεν
874 2427 955 2476 τώς·
991 2427 1309 2481 μεμισθωμένως
1341 2422 1536 2476 καρπεύε-
1581 2471 1585 2474 ¹

139 2596 174 2636 9)
222 2593 343 2638 Etym.
373 2593 457 2627 Par.
486 2605 542 2638 ap.
571 2594 669 2628 Bast.
696 2595 740 2627 ad
761 2595 874 2637 Greg.
897 2594 978 2628 Cor.
1005 2595 1083 2628 279.
1109 2592 1236 2638 ἄπτερος
1260 2592 1348 2634 (leg.
1375 2590 1536 2636 ἅπεῤῥος)

93 2653 241 2693 λέγουσιν
265 2651 295 2683 υἱ
319 2650 454 2687 Αἰολεῖς
490 2671 528 2675 -
566 2650 698 2697 ἄπηρος
730 2651 835 2684 πάλιν
870 2653 968 2690 φασὶν
999 2651 1030 2683 οἱ
1053 2652 1191 2696 Δωριεῖς
1214 2650 1392 2694 τρέποντες
1414 2647 1477 2692 τὴν
1501 2663 1533 2682 ει

95 2707 138 2745 εἷς
169 2707 208 2741 τὸ
242 2710 261 2752 ἢ
293 2709 347 2740 καὶ
379 2707 418 2742 τὸ
452 2710 474 2752 ἧ
503 2708 546 2745 εἷς
578 2708 618 2743 τὸ
650 2711 672 2741 ἆ
699 2707 740 2746 ὡς
764 2711 887 2742 πλείων
911 2708 1050 2752 πλήων,
1091 2708 1185 2740 unde
1212 2706 1378 2749 corrigas
1402 2707 1461 2741 Et.
1488 2707 1532 2740 G.

95 2766 181 2807 246,
206 2768 271 2807 55,
296 2766 356 2798 ubi
383 2765 524 2799 excidit
551 2766 582 2800 οἲ
607 2768 757 2811 Δωριεῖς.
784 2789 824 2794 -
873 2767 1055 2801 Choorob.
1085 2766 1184 2798 OXX.
1213 2765 1271 2805 11,
1298 2765 1383 2806 217,
1412 2766 1463 2798 10.
