1779 3079
242 151 342 201 384
586 150 630 210 ἕ.
661 150 740 199 45.
805 153 878 199 De
907 151 1058 200 variis
1090 153 1360 215 particulis.

243 289 466 334 Herodoto
497 289 771 348 potissimum
803 289 1028 332 familiaris
1060 297 1151 344 est,
1183 291 1309 334 etiam
1342 293 1457 350 apud
1488 293 1702 352 Epichar-

243 376 361 401 mum
406 357 587 416 reperiri
632 357 686 398 fr.
724 356 776 399 19
817 356 892 398 ἀπ’
933 354 988 399 οἷν
1032 358 1222 414 ἠχθόμαν
1269 368 1310 401 et
1350 362 1405 402 fr.
1439 363 1493 404 82
1535 361 1599 402 ἐπ’
1646 359 1702 404 οἷν

243 429 422 479 ἐπίομες.
508 424 707 467 Similem
749 425 1079 468 collocationem
1123 444 1250 485 supra
1291 427 1331 480 ξ.
1364 428 1420 470 40
1465 437 1552 471 not.
1587 430 1612 472 3
1653 430 1698 471 in

243 495 380 536 Ther.
403 493 530 536 2448.
564 493 669 548 VII,
705 494 759 537 10
787 494 1081 535 restituimus:
1118 494 1197 535 ὅσα
1227 512 1278 535 κα
1306 494 1359 547 μή
1394 492 1448 536 οἷν
1478 498 1698 550 πέπραται.

355 564 399 615 6)
460 561 719 603 Encliticam
761 567 792 602 θ
806 581 862 611 ην
897 563 1110 619 genuinae
1141 562 1314 603 Atthidi
1345 562 1535 620 ignotam
1568 564 1702 607 Doris

243 646 342 673 eum
383 629 506 687 epica
549 629 732 671 dialecto
781 646 1051 671 communem
1096 631 1255 683 habet,
1328 630 1700 687 Syracusanorum

243 707 359 740 certe
399 698 562 753 lingua.
632 697 818 755 Legitur
849 698 964 739 enim
993 698 1105 754 apud
1139 698 1408 756 Sophronem
1443 700 1495 740 fr.
1532 700 1598 742 10.
1629 701 1700 742 54.

241 768 322 820 92,
370 766 528 822 Epich.
563 764 614 806 18
646 780 723 805 nec
754 780 850 805 raro
882 765 993 821 apud
1025 765 1323 807 Theocritum.
1385 766 1581 808 Eandem
1613 769 1703 808 Ae-

245 834 423 891 schylus
454 834 600 874 Prom.
620 832 704 874 930
735 831 898 873 Siculis
931 833 1085 874 debere
1117 833 1301 874 videtur.
1364 834 1582 877 Potestatc
1613 851 1701 876 non

242 903 427 945 multum
460 917 482 940 a
514 899 561 948 δή
597 899 738 940 differt
770 899 857 941 vid.
890 899 1109 956 Hartung.
1157 899 1314 941 Partic.
1349 900 1426 941 Gr.
1467 902 1487 942 I
1527 918 1570 958 p.
1603 902 1700 944 313.

353 970 398 1018 7)
450 968 602 1015 ”Ανις
641 983 720 1024 pro
763 967 855 1007 ἄνευ
884 967 1047 1025 legitur
1076 968 1268 1009 Acharn.
1302 969 1410 1021 800,
1457 985 1704 1027 quanquam

242 1037 350 1079 ibid.
377 1035 461 1078 764
494 1034 586 1075 ἄνευ
618 1038 663 1074 in
694 1034 821 1076 libris
855 1043 934 1076 est.
980 1036 1099 1077 Idem
1132 1045 1490 1078 commemoratur
1519 1054 1542 1079 a
1563 1037 1705 1079 Theo-

243 1111 399 1163 guosto
430 1103 550 1144 Aun.
578 1102 688 1144 Oxx.
721 1102 794 1155 ΙΙ,
829 1103 935 1156 163,
967 1104 993 1146 8
1026 1104 1117 1152 ἄνις
1149 1103 1235 1145 ἀντὶ
1265 1107 1338 1145 τοῦ
1367 1106 1493 1158 χωρίς
1526 1111 1567 1145 et
1595 1104 1702 1161 legi-

241 1182 314 1215 tur
343 1179 563 1230 praeterea
594 1171 814 1227 Lycophr.
850 1170 955 1225 350,
997 1171 1181 1214 Nicand.
1217 1172 1292 1213 Al.
1326 1172 1408 1214 419
1449 1179 1491 1212 et
1529 1171 1574 1213 in
1613 1172 1703 1230 epi·

243 1248 476 1300 grammate
510 1238 748 1296 Cyrenaico
779 1237 932 1280 Journ.
968 1238 1042 1280 des
1076 1239 1175 1281 Sav.
1213 1239 1321 1282 1828
1351 1256 1394 1296 p.
1420 1239 1515 1281 184.

356 1311 514 1364 χῶρι,
558 1323 683 1364 quam
716 1306 896 1347 formam
929 1308 1195 1364 grammatici
1226 1309 1600 1361 προπερισπᾶσθαι
1631 1307 1705 1350 do-

243 1383 342 1420 cent
363 1379 424 1430 5),
457 1392 535 1434 pro
565 1377 691 1431 χωρίς
721 1374 883 1431 legitur
913 1374 1048 1416 Ther.
1077 1376 1204 1419 2448.
1238 1376 1297 1429 V,
1328 1376 1352 1417 7
1385 1383 1426 1416 et
1456 1374 1571 1431 apud
1605 1375 1703 1419 Cal-

242 1446 476 1488 limachum
507 1445 561 1485 fr.
595 1443 676 1496 48,
709 1444 888 1500 vulgare
917 1445 1043 1497 χωρίς
1077 1443 1256 1501 Corcyr.
1291 1442 1415 1485 1845.

357 1513 501 1568 ἄχρι,
552 1527 640 1553 non
683 1510 825 1565 ἄχρις,
872 1526 1043 1569 semper
1081 1512 1244 1569 legitur
1282 1511 1328 1552 iu
1368 1510 1530 1552 tabulis
1568 1511 1704 1554 Hera-

243 1581 491 1626 cleensibus
524 1581 651 1621 etiam
683 1586 779 1620 ante
804 1579 976 1621 vocales
1007 1587 1054 1620 ut
1085 1580 1181 1635 ἄχρι
1213 1581 1254 1628 ἐς
1283 1578 1480 1631 ποταμόν.
1542 1579 1704 1623 Eadem

243 1652 380 1693 forma
423 1647 572 1690 nescio
619 1664 671 1689 an
713 1646 978 1688 restituenda
1019 1647 1075 1689 sit
1117 1647 1296 1705 Corcyr.
1334 1647 1473 1698 1845,
1508 1647 1587 1689 v135
1625 1665 1705 1707 pro

245 1718 396 1775 ἇχροι,
427 1716 544 1774 quod
574 1714 820 1757 Boeckliiuls
852 1715 896 1756 in
931 1715 1051 1771 ἄχρις
1082 1716 1275 1757 mutavit.

356 1786 425 1828 De
464 1784 684 1836 πέρυτις
725 1784 795 1825 vel
834 1783 1016 1837 πέρυτι
1047 1800 1126 1841 pro
1157 1785 1326 1839 πέρυσιν
1358 1783 1545 1824 diximus
1578 1798 1704 1840 supra

242 1854 284 1908 ξ.
311 1854 355 1908 6,
378 1855 419 1896 7.
481 1851 703 1893 Adverbia
735 1852 974 1893 numeralia
1005 1851 1050 1892 in
1082 1869 1146 1902 κις
1177 1868 1262 1894 non
1295 1851 1506 1907 abjiciunt
1537 1867 1556 1897 ς
1576 1849 1705 1891 finale

243 1922 334 1963 nisi
372 1920 548 1963 licentia
589 1919 787 1975 poetica,
837 1926 884 1960 ut
921 1919 1084 1974 τετράκι
1116 1920 1159 1961 in
1193 1920 1496 1976 epigrammate
1527 1916 1705 1960 metrico

242 1989 411 2046 Argivo
444 2004 509 2028 nr.
532 1987 584 2028 35
605 1986 755 2040 Ross.,
788 1986 956 2027 τουτάκι
986 1987 1116 2028 Pind.
1132 1987 1182 2027 P.
1206 1986 1285 2034 IV,
1305 1987 1358 2028 28
1386 1992 1428 2027 et
1447 1985 1501 2025 fr.
1520 1985 1601 2027 283
1619 1992 1700 2027 etc.

357 2057 402 2106 8)
455 2055 730 2103 ”Επειτεν,
778 2054 891 2111 quod
924 2054 1120 2095 Ionicum
1168 2070 1245 2111 pro
1283 2053 1417 2094 ἔπειτα
1448 2068 1544 2094 csse
1575 2053 1705 2095 tradi-

245 2133 317 2168 tur
346 2124 398 2166 ab
428 2121 559 2164 Aelio
592 2120 810 2177 Dionysio
837 2121 951 2177 apud
982 2122 1181 2163 Eustath.
1211 2122 1334 2174 1215,
1367 2122 1420 2163 32
1452 2128 1493 2161 ct
1524 2121 1706 2163 dialecto

244 2209 334 2236 non
378 2190 598 2234 nominata
644 2197 1001 2231 commemoratur
1043 2206 1064 2230 a
1107 2190 1392 2246 Theognosto
1433 2189 1553 2230 Anu.
1589 2188 1703 2230 Oxx.

246 2263 315 2311 II,
350 2260 457 2312 161,
488 2258 570 2310 29,
597 2257 758 2313 legitur
789 2258 978 2298 Aelim-n.
1014 2259 1091 2299 711
1127 2265 1168 2298 et
1198 2257 1389 2299 Pindaro
1420 2256 1651 2314 aliquoties
1682 2273 1704 2299 a

246 2327 469 2372 Boeckliio
492 2325 738 2367 restitutum
759 2333 824 2366 cst
854 2324 943 2365 vid.
966 2324 1087 2367 Nou.
1115 2325 1242 2367 Critt.
1268 2325 1320 2366 ad
1342 2325 1469 2382 Pyih.
1497 2323 1577 2377 IV,
1603 2325 1702 2366 211.

360 2399 516 2437 ἕνεκα
549 2400 590 2435 et
621 2395 797 2433 ἕνεκεν
836 2392 982 2434 eadem
1015 2394 1180 2435 ratione
1212 2394 1429 2436 differunt.
1491 2391 1608 2434 Illud
1639 2400 1705 2434 cst

247 2464 414 2521 Megar.
449 2462 582 2515 1052,
627 2460 769 2502 Rhod.
813 2460 949 2514 2525,
983 2461 1037 2513 b,
1084 2463 1242 2518 Astyp.
1275 2462 1400 2503 2483.
1435 2460 1560 2502 2484.
1592 2459 1705 2502 2487

249 2541 361 2586 etc.,
420 2532 501 2573 hoc
543 2529 715 2572 Calaur.
761 2528 895 2581 1189,
959 2528 1160 2586 Calymn.
1193 2529 1328 2581 2671,
1385 2528 1542 2585 Astyp.
1576 2527 1702 2576 2488,

251 2601 349 2643 Gel.
384 2606 465 2642 etc.

296 2753 332 2793 5)
383 2751 444 2785 Et.
470 2750 520 2784 Μ.
548 2751 628 2792 607,
656 2750 718 2791 23,
746 2748 910 2783 Eustam.
939 2749 1027 2789 122,
1057 2751 1098 2783 ιο
1125 2768 1166 2774 -
1191 2751 1282 2791 630,
1311 2749 1354 2783 25
1382 2767 1421 2773 -
1450 2747 1558 2789 1879,
1582 2745 1637 2780 55.
