1779 3079
457 163 500 221 §.
528 164 606 212 43.
664 165 738 211 De
773 165 1217 227 praepositionibus.
1463 168 1562 216 357

113 307 290 357 apparet
321 300 366 340 iu
396 300 567 357 vulgari
602 297 813 354 ἀμᾳορεύς
842 315 921 354 pro
953 299 1216 356 άμᾳιφορεύς
1255 308 1297 343 ct
1327 301 1371 342 in
1402 302 1561 345 Latino

112 367 371 425 anquiro,
417 384 620 424 anceps
658 374 700 407 et
742 365 988 418 similibus,
1033 384 1141 424 quac
1172 385 1268 410 cum
1296 369 1416 411 amb
1447 385 1560 412 com-

110 435 250 491 posita
283 444 398 477 sunt.
459 435 525 476 Eo
554 435 771 491 pertinent
802 433 972 490 glossae
1006 434 1328 490 Hesychianac:
1363 438 1561 489 ἄμπαι-

111 503 218 551 ὸές,
252 506 290 543 οἱ
320 506 400 543 τῶν
431 505 588 543 παίδων
616 500 918 552 ἐπιμελούμενοι
949 500 1063 554 παρὰ
1084 502 1313 551 Λάκωσιν,
1346 506 1462 561 quod
1481 522 1562 563 pro

110 568 359 621 ἁμφίπαιὸες
390 570 549 611 dictum
581 568 854 617 existimant,
898 567 1156 620 ἀμπὲσαι,
1201 570 1423 623 α’μᾳιέσαι·
1464 574 1561 615 Λά-

108 653 260 691 κωνες,
293 638 408 694 quod
437 652 514 694 pro
548 635 754 687 α’μΙνῖἐσαι,
799 636 1036 689 α’μᾳιΙΡέσαι
1066 653 1162 678 esse
1195 654 1320 694 supra
1353 641 1558 697 suspicati

108 720 256 746 sumus
288 704 328 757 ξ.
357 705 398 755 5,
422 705 473 757 7,
508 703 943 758 α’γχριάνασθαι,
978 707 1346 758 περιαλειίμασθαι.
1408 708 1557 765 ltaque

107 771 214 823 ἀμφί
241 787 430 828 apocope
471 771 572 825 illa,
621 787 809 812 consona
849 789 877 823 φ
919 771 1081 826 ejecta,
1136 772 1181 812 in
1222 774 1558 831 praepositionis

107 838 184 879 ἀνά
217 839 318 880 item
349 855 568 896 apocopen
598 855 751 896 passae
782 838 1110 880 similitudinem
1136 839 1360 895 redigitur.
1413 842 1559 896 Quare

107 906 300 964 suspicio
332 906 492 959 oritur,
539 923 642 947 num
675 908 785 947 sorte
814 907 859 947 in
892 907 940 946 ἂν
968 906 1036 947 τὸν
1067 906 1206 948 ὀδελὸν
1244 907 1559 961 (ἐμπεπαρμένον

105 974 297 1015 Acharn.
332 975 416 1016 762
457 975 505 1015 ἄν
544 991 631 1016 non
673 974 727 1015 sit
765 991 843 1032 pro
876 973 973 1023 ἀνά,
1021 975 1146 1029 cujus
1176 975 1253 1016 illc
1283 991 1389 1017 usus
1421 993 1558 1018 novus

106 1049 250 1095 esset,
296 1042 372 1083 sed
403 1059 481 1099 pro
515 1041 642 1093 ἀμᾳί,
685 1041 800 1099 quod
830 1041 876 1081 in
908 1057 999 1082 eam
1032 1043 1286 1084 sententiam
1319 1060 1371 1085 ex
1399 1044 1557 1086 Home-

103 1109 192 1151 rica
222 1110 442 1151 locutione
475 1109 582 1161 ἀμφ’
615 1108 819 1162 ὀβελοῖσιν
849 1108 1015 1164 ἔπειραν
1046 1110 1318 1151 notissimum
1350 1119 1431 1153 cst.
1490 1112 1558 1153 Ne

105 1177 416 1231 ἀμπεπαρμείιος
444 1177 546 1218 item
581 1176 946 1233 praepositionem
979 1176 1085 1228 α’μᾳί
1112 1178 1333 1219 continere
1366 1180 1557 1237 suspice-

102 1261 224 1298 mur,
257 1245 456 1301 prohibet
484 1245 792 1302 Aelnar¹1.·975
825 1244 876 1284 ἵν’
910 1244 1113 1297 ἀναπείρω
1143 1245 1215 1292 τὰς
1247 1248 1400 1301 κίχλας.

214 1314 265 1354 In
295 1313 604 1354 Alaesinorum
642 1312 838 1354 terminis
882 1312 1053 1370 saepius
1095 1312 1142 1351 ἂν
1181 1316 1454 1365 τοῦροΐσκου
1491 1331 1555 1355 re·

102 1381 264 1438 petitur
293 1398 370 1439 pro
403 1380 482 1422 α’πό
513 1384 586 1422 τοῦ
616 1385 683 1432 (L,
732 1381 768 1421 si
800 1395 973 1421 sensum
1006 1388 1190 1436 spectas.
1258 1380 1422 1423 Novam
1464 1397 1554 1422 eam

101 1465 322 1508 apocopen
354 1466 404 1491 eo
434 1449 573 1505 magis
607 1456 850 1505 suspectam
892 1448 1123 1496 habemus,
1170 1448 1286 1505 quod
1330 1448 1555 1506 inscriptio

101 1517 230 1558 solito
262 1533 475 1574 apocopae
509 1532 668 1573 genere
707 1516 918 1569 abstinet,
964 1515 1110 1573 itaque
1151 1516 1415 1558 accuratiora
1455 1533 1555 1574 apo-

101 1586 261 1641 grapha
292 1586 553 1642 expectanda
585 1591 700 1625 sunt.

213 1653 258 1706 3)
320 1655 460 1706 Περί
488 1654 742 1710 plerumque
774 1652 817 1692 iu
851 1652 1017 1694 Doride
1048 1659 1096 1692 ut
1124 1654 1253 1709 vulgo
1283 1667 1423 1710 neque
1455 1669 1554 1709 apo-

102 1736 235 1777 copae
275 1737 419 1777 neque
455 1719 652 1761 elisio-nis
692 1719 860 1776 patiens
894 1727 974 1760 est.
1048 1720 1099 1760 ln
1132 1736 1216 1761 uno
1249 1721 1420 1761 decreto
1449 1721 1553 1761 Am-

103 1787 383 1845 phictyonico
413 1803 478 1828 nr.
514 1788 623 1830 ’1688
661 1786 693 1828 l.
730 1788 781 1828 16
819 1787 1016 1828 elisionis
1054 1788 1298 1844 exemplum
1340 1787 1554 1844 reperitur

101 1856 290 1908 πέροόος.
352 1855 514 1897 Eadem
555 1855 674 1897 vocis
717 1857 852 1896 forma
893 1855 1006 1911 apud
1036 1855 1271 1896 Pindarum
1301 1855 1463 1912 legitur
1493 1855 1549 1897 N.

99 1923 192 1976 XI,
223 1923 279 1964 40
299 1922 337 1978 3)
357 1955 369 1976 ,
401 1916 478 1981 qui
508 1930 728 1981 praetcrea
757 1922 975 1974 περάπτων
1005 1923 1058 1963 Ρ.
1091 1923 1156 1963 III
1175 1956 1183 1969 ‚
1217 1924 1296 1975 42,
1339 1923 1553 1977 περιδαῖος

100 1991 154 2031 fr.
188 1991 300 2042 ¹126,
347 1990 442 2044 περ’
476 1990 645 2032 Gricium
674 1991 818 2038 πάθας
848 1990 920 2031 Ol.
954 1990 1045 2042 VI,
1080 1991 1160 2043 38,
1214 1989 1310 2043 περ’
1343 1992 1468 2037 αὑτᾶς
1495 1989 1548 2030 P.

99 2056 182 2109 IV,
213 2056 295 2098 265
334 2058 423 2098 vid.
455 2058 646 2099 Boeclzh.
679 2058 795 2100 Nott.
828 2057 953 2099 Critt.
995 2073 1040 2114 p.
1074 2059 1156 2099 376
1191 2065 1232 2098 et
1271 2058 1322 2098 ad
1364 2059 1417 2098 fr.
1453 2056 1549 2098 1'26.

101 2124 209 2165 ltem
240 2125 285 2165 in
314 2125 500 2166 Hesiodi
529 2126 787 2183 Theogonia
815 2126 915 2168 678.
947 2126 1029 2167 733
1068 2134 1168 2166 suut
1205 2126 1371 2179 περίαχε
1410 2132 1451 2164 et
1482 2141 1551 2163 πε-

101 2193 310 2246 ροίχεται,
344 2200 385 2233 ct
415 2193 630 2249 pertinent
660 2194 809 2236 eodem
831 2193 1042 2250 Hesycliii
1068 2195 1240 2250 glossae
1271 2191 1547 2245 περόσχια,

99 2258 150 2299 τὰ
172 2258 278 2312 ῥάκη
310 2260 365 2299 cf.
387 2260 503 2314 intt.,
538 2260 829 2313 περώσιοιι,
862 2262 988 2314 μέγα,
1020 2259 1353 2315 περομιιύναι
1383 2259 1458 2309 (ita
1481 2274 1548 2298 co-

104 2327 219 2375 dex),
254 2327 435 2381 ἐλὲγχειν.
498 2328 542 2368 Is
573 2328 772 2369 elisionis
804 2345 910 2369 usus
942 2345 994 2369 ex
1016 2327 1197 2369 Aeolica
1218 2326 1399 2367 dialecto
1428 2339 1548 2381 repc-

100 2395 205 2435 titur
233 2394 320 2436 vid.
354 2395 409 2436 L.
433 2396 453 2436 l
489 2391 527 2450 ξ.
551 2395 631 2448 28,
664 2397 703 2437 3.
766 2397 978 2453 Exempla
1007 2403 1147 2436 tamen
1181 2393 1408 2444 Lesbiaca,
1440 2407 1548 2448 quac

101 2461 276 2519 quidem
309 2470 568 2520 supersunt,
617 2478 666 2503 eo
708 2463 934 2512 differunt,
981 2462 1097 2521 quod
1136 2467 1232 2519 post
1268 2459 1493 2501 elisionem
1523 2476 1546 2511 ρ

103 2529 346 2586 geminatur
385 2538 432 2571 ut
461 2530 504 2571 in
537 2530 753 2588 Sapphico
784 2532 999 2586 πέςὶῥοχος.
1076 2530 1227 2585 Itaque
1255 2527 1475 2569 Hesiodus
1506 2534 1548 2567 ct

101 2596 317 2638 Pindarus
361 2605 407 2638 ut
445 2598 528 2639 alia
573 2598 782 2639 nonnulla
813 2598 870 2639 ita
899 2600 1008 2639 hauc
1039 2596 1211 2638 dialecti
1239 2594 1546 2653 proprietatem

148 2746 184 2782 3)
232 2744 372 2778 Dorica
398 2743 534 2778 dicitur
559 2742 606 2776 ab
630 2741 825 2776 Eustatlno
851 2741 1021 2775 Prooem.
1051 2739 1158 2773 Pind.
1188 2750 1219 2783 p.
1243 2739 1284 2772 12
1308 2737 1544 2773 Schneidew.
