1779 3079
70 182 110 243 ᾗ.
131 182 208 232 10.
247 183 321 231 De
336 181 469 231 aliar.
492 198 682 230 conson.
700 180 856 243 simpl.
876 190 920 228 ct
943 180 1111 246 singul.
1131 189 1379 244 permutat.
1442 181 1502 230 81

68 317 233 359 matieis
258 321 288 369 ¹)
325 335 412 360 non
450 318 629 360 multum
658 317 765 360 {fidei
795 316 1024 370 habemus,
1073 318 1148 375 qui
1177 318 1214 359 si
1244 326 1356 360 recte
1386 335 1502 376 prac-

68 393 299 442 ceperunt,
331 386 411 428 alia
439 393 551 428 certe
580 384 709 440 liujus
738 383 854 425 vocis
884 383 990 425 ratio
1021 391 1110 438 est,
1153 392 1198 426 ut
1224 386 1502 428 indicavimus

67 450 160 493 L.I
191 450 230 510 ξ.
258 455 335 507 11,
368 453 406 493 1.
454 478 507 484 -
563 452 786 493 Postremo
816 452 899 492 linc
930 451 1141 508 pertinere
1171 452 1338 494 videtur
1365 453 1502 509 Hesy-

67 518 220 561 chiana
250 520 392 576 glossa
422 521 676 572 ὃιφοῦρα,
715 519 894 572 γέᾳυρα·
936 517 1157 566 Λάκωνες,
1199 520 1303 560 mira
1336 518 1505 561 dialecti

66 586 291 640 varietate,
321 585 570 644 praesertim
601 585 638 626 si
669 601 887 644 compares
917 585 1039 626 aliam
1061 586 1245 641 glossam
1270 587 1503 640 βουφόρας,

65 653 247 707 γεᾳύρας
288 660 330 695 et
367 653 482 711 quod
510 653 706 694 Thebani
735 653 915 705 βλέᾳυρα
944 668 1023 710 pro
1052 654 1209 707 γέφυρα
1239 653 1397 694 dixisse
1426 660 1504 695 tra-

66 720 249 770 duntur,
293 721 379 763 vid.
412 721 463 763 L.
483 721 504 762 I
534 721 575 773 ξ
594 721 675 773 36,
707 721 746 762 5.
785 746 838 751 -—
896 720 991 762 Jam
1021 721 1149 762 habes
1181 720 1346 769 onmia,
1394 721 1503 761 unde

65 787 193 844 vulgo
223 788 424 842 docetur,
455 787 692 829 Dorienses
721 805 744 840 7
773 787 816 828 in
849 789 873 828 ὃ
899 796 1060 829 mutare
1091 788 1239 829 solitos
1270 787 1418 828 fuisse.

176 856 200 894 ὃ
238 870 332 912 pro
378 861 404 909 β
449 855 624 897 meliore
656 855 755 910 jure
796 871 818 896 a
857 855 1144 896 Doriensihus
1186 855 1372 911 positum
1412 871 1505 897 esse

62 922 313 979 perhibetur
350 923 395 964 in
423 923 543 964 Ann.
580 923 692 964 Oxx.
725 923 768 964 II
807 939 849 979 p.
872 923 981 976 422,
1014 923 1081 965 15.
1157 922 1266 963 Nam
1296 923 1508 980 reperitur

64 1005 113 1031 ea
151 990 327 1032 mutatio
365 991 411 1032 in
452 1007 538 1032 una
577 997 689 1032 certe
730 1006 832 1032 voce
877 989 1015 1037 ὀδελός
1052 1005 1130 1047 pro
1172 989 1337 1042 ὀβελός,
1399 1005 1506 1046 quae

63 1056 224 1099 Dorica
255 1058 494 1115 appellatur
535 1074 556 1099 a
588 1056 751 1100 Seholl.
783 1057 882 1099 Nic.
915 1056 1047 1097 Ther.
1080 1057 1134 1098 93
1164 1063 1205 1097 ct
1236 1056 1368 1113 Grcg.
1403 1057 1504 1098 Cor.

63 1139 108 1181 p.
125 1126 206 1167 235
238 1132 281 1166 et
308 1125 467 1181 legitur
495 1125 540 1166 in
569 1123 838 1181 Meg-arensis
869 1123 989 1164 orati.
1008 1139 1059 1164 ’.ιε
1091 1123 1204 1180 apud
1234 1123 1369 1164 Arist.
1391 1124 1505 1165 Aeh.

63 1191 146 1235 762
175 1199 216 1233 et
247 1193 401 1250 Epich.
435 1193 514 1247 583
559 1192 714 1233 deinde
744 1207 822 1248 pro
855 1189 1028 1243 ὀβολός,
1073 1206 1180 1247 quae
1211 1206 1294 1232 vox
1326 1191 1507 1248 antiqui-

64 1265 134 1300 tus
161 1259 213 1301 ab
254 1260 328 1302 illa
367 1276 454 1301 non
494 1260 661 1302 diversa
699 1266 788 1312 cst,
849 1257 986 1306 ὀδελός
1024 1257 1069 1298 ἱ11
1105 1257 1346 1314 antiquiore
1383 1258 1508 1300 titulo

62 1324 278 1384 Delphico
307 1344 374 1369 nr.
404 1328 511 1370 1690
542 1342 668 1384 saepe
697 1326 918 1384 repetitur.
993 1324 1157 1366 Ibidem
1195 1325 1354 1382 legitur
1392 1324 1510 1378 ἡμιό-

66 1394 178 1435 ὃελον
208 1394 529 1452 (corrigendum
558 1394 726 1436 videtur
754 1393 994 1446 ἧμιώδελον)
1025 1408 1102 1450 pro
1125 1392 1368 1446 ήμιώβελον.
1428 1393 1508 1433 lta-

64 1476 149 1518 que
169 1460 330 1503 Dorica
361 1470 425 1504 est
449 1462 659 1519 Hesychii
689 1461 831 1518 glossa
859 1460 1100 1514 τριώὸε).ον,
1135 1463 1256 1514 τριῶν
1284 1461 1510 1513 ἡμιμναίων

68 1528 252 1580 σταθμός
281 1546 359 1587 pro
389 1530 624 1583 τριώβολον.
685 1530 908 1570 Postremo
937 1528 1086 1569 eodem
1116 1534 1277 1584 spectat
1300 1526 1508 1583 Hesychii

66 1595 210 1652 glossa
241 1597 482 1652 ὀὸολκαί,
517 1596 678 1650 ὀβολοί·
712 1599 886 1651 Κρῆτες.
950 1595 1111 1637 Contra
1142 1595 1185 1634 in
1213 1594 1346 1635 titulis
1366 1594 1510 1651 paullo

64 1663 376 1705 recentioribus
406 1665 582 1720 vulg-are
613 1669 639 1716 β
668 1663 958 1720 conspicitur,
1000 1670 1046 1703 ut
1075 1662 1119 1702 in
1150 1661 1290 1703 led.
1324 1662 1451 1715 2525,
1482 1660 1510 1701 l)

65 1730 317 1785 ἦμιώβελον,
350 1732 394 1772 in
428 1732 554 1773 Core.
589 1732 711 1780 1838,
744 1731 771 1771 b
806 1729 1030 1782 ὁβελίσκος.

177 1799 221 1849 3)
278 1799 578 1857 Aspiratarum
613 1798 726 1839 inter
764 1813 808 1838 se
839 1796 1118 1854 permutatio,
1161 1812 1269 1853 quae
1299 1793 1510 1836 Aeolibus

65 1866 240 1924 propria
280 1867 413 1908 fuisse
451 1866 644 1919 videtur,
703 1881 726 1906 a
755 1865 916 1906 Dorica
954 1865 1134 1905 dialecto
1173 1864 1311 1904 alicua
1348 1868 1413 1903 est
1441 1877 1511 1903 ex·

66 1941 192 1991 cepto
223 1934 385 1988 ὄρνιχος
414 1949 492 1991 pro
526 1933 724 1987 ὄρνιθος,
757 1932 808 1973 dc
839 1947 924 1989 quo
954 1932 1040 1973 vid.
1074 1936 1114 1984 ξ.
1137 1932 1204 1973 31.
1265 1930 1376 1972 Nam
1397 1928 1511 1986 quod

66 2001 250 2043 Alcman
280 2002 333 2042 fr.
368 2002 395 2043 (i
425 2000 516 2057 (37)
548 2002 712 2053 φοίναις
741 1999 848 2040 dixit
875 2015 953 2056 pro
982 2001 1150 2047 θοίναις
1178 2005 1219 2039 et
1249 1998 1301 2038 fr.
1336 1997 1389 2038 14
1421 1994 1512 2051 (25)

67 2068 321 2122 πολύφωνος
350 2070 390 2120 (e
420 2067 598 2125 Bergkii
629 2067 893 2121 conjectura)
924 2082 1004 2123 pro
1033 2066 1306 2117 πολύθοινος,
1344 2080 1397 2105 ex
1424 2063 1511 2104 Ae-

68 2135 179 2178 olica
207 2136 349 2193 potius
380 2151 506 2192 quam
535 2151 558 2176 e
582 2134 795 2176 Laconica
824 2134 1004 2175 dialecto
1035 2133 1298 2191 prompsisse
1326 2131 1511 2182 videtur,

69 2203 320 2261 praesertim
362 2203 399 2243 si
427 2203 623 2244 Lacones
665 2203 781 2242 σοι’να
810 2201 969 2243 dixisse
998 2217 1078 2259 pro
1107 2203 1228 2250 θοίνη
1259 2204 1372 2240 recte
1397 2197 1510 2252 judi-

70 2270 283 2324 cavimus,
319 2269 406 2311 vid.
440 2266 479 2326 ἓ.
512 2271 564 2323 7,
596 2271 637 2312 2.

182 2339 227 2389 4)
283 2337 458 2378 Tenues
488 2351 566 2393 pro
597 2336 793 2393 aspiratis
823 2343 1050 2394 usurpatae
1081 2341 1182 2375 sunt
1210 2332 1254 2374 in
1285 2331 1377 2373 his:

182 2423 212 2445 π
249 2419 344 2462 pro
386 2422 414 2456 φ
454 2403 499 2444 in
541 2403 799 2457 ἇμπίθυρον,
841 2407 1025 2444 πυλῶνα·
1081 2402 1323 2453 Ταραντῖνοι
1358 2398 1423 2450 (ut
1454 2396 1509 2436 Is.

70 2472 255 2514 Vossius
284 2471 394 2512 hene
430 2470 667 2512 emendavit
706 2470 948 2524 ἆμπιόυρον)
990 2485 1065 2527 pro
1103 2468 1352 2521 ἀμφίθυρον.
1428 2463 1512 2504 Νο-

72 2556 155 2597 que
186 2547 325 2581 tamen
356 2538 455 2578 inde
487 2538 690 2594 colligere
728 2537 854 2591 lieet,
897 2537 1157 2578 Tarentinos
1199 2534 1299 2586 ἀμπί
1336 2531 1512 2580 ‹lixisse‚

73 2607 173 2664 quia
216 2614 387 2648 tenuem
432 2620 509 2662 pro
554 2605 738 2661 aspirata
777 2610 953 2661 propter
995 2609 1244 2660 sequentem
1287 2598 1512 2655 aspiratam

74 2682 332 2732 assumptam
362 2687 455 2714 esse
484 2678 599 2729 patet
628 2678 673 2712 ut
701 2671 746 2712 in
778 2670 939 2725 άμπέχω
969 2670 1055 2711 vid.
1078 2669 1167 2710 L.I
1199 2668 1240 2720 ξ.
1263 2666 1301 2715 6,
1320 2667 1360 2707 4.
1422 2663 1514 2705 Nee

75 2740 211 2796 magis
241 2741 348 2782 illud
368 2738 632 2782 Laconicum
651 2738 885 2795 putaverim
906 2744 1079 2794 propter
1100 2736 1285 2791 glossam
1307 2730 1514 2788 Hesychii

137 2823 194 2865 ΙΙ.
1240 2818 1268 2859 6
