1779 3079
122 225 162 284 ς.
199 226 272 272 15.
327 226 401 273 De
431 223 535 273 aliis
564 221 929 273 consonantium
956 218 1384 283 conjunctionibus.
1457 217 1556 268 107

118 361 334 419 genitivus
366 362 545 421 pluralis
584 364 758 415 μοισᾶν,
815 374 993 417 quarum
1032 359 1263 400 formarum
1298 373 1385 399 non
1425 356 1556 398 altera

119 429 258 471 solum
289 430 364 471 sed
393 437 571 487 utraque
601 428 798 485 corrupta
826 426 1014 484 putanda
1043 433 1121 467 est.
1180 425 1289 468 Nam
1311 427 1446 478 μοῦσα
1475 423 1554 466 ibi-

119 497 215 538 dem
258 505 370 539 recte
408 497 592 550 Atticis,
636 495 841 549 Ionibus,
890 493 1171 551 Syracusanis
1212 493 1363 547 datur,
1407 494 1558 546 μοισᾶν

119 580 218 607 vero
247 565 503 606 Lesbiacum
533 570 668 618 esset,
716 562 802 605 vid.
835 562 888 604 L.
921 561 940 602 l
985 557 1024 618 §.
1060 561 1126 603 10.
1203 560 1378 616 Itaque,
1423 575 1556 617 quum

119 640 301 690 quatuor
327 631 444 674 vocis
472 632 633 673 formae
671 633 832 684 μοῦσα,
876 630 1026 682 μοῖσα,
1072 631 1216 681 μῶσα,
1262 630 1353 680 μυῖα
1389 634 1557 684 praeter

118 700 358 757 Rheginam
400 699 518 740 illam
560 704 888 752 enumerentur,
953 696 1099 758 quinta
1142 694 1375 751 excogitari
1416 700 1557 752 potest

118 767 235 808 nulla
263 774 560 825 praeterquam
597 766 730 819 μὸνσα
768 774 810 808 et
838 781 937 822 gen.
971 764 1030 823 pl.
1065 766 1241 817 μουσᾶν,
1289 778 1443 822 quam,
1487 777 1556 802 ea-

116 834 212 875 dem
242 834 482 892 corruptela
512 835 676 892 agnita,
723 833 930 890 Argivam
959 833 1114 875 dictam
1142 831 1276 873 fuisse
1304 844 1557 888 persuasum

113 901 334 943 hahemus.

226 971 271 1021 4)
331 969 467 1012 Vides
496 970 631 1028 igitur
658 971 782 1013 istam
803 969 1067 1026 Argivorum
1096 975 1138 1010 et
1158 966 1429 1010 Cretensium
1461 980 1558 1024 pro-

115 1037 338 1095 prietatem
368 1039 552 1096 primum
586 1038 631 1079 in
661 1038 934 1080 nominativis
963 1037 1111 1078 tertiae
1144 1033 1470 1088 declinationis,
1511 1040 1559 1074 ut

116 1106 277 1159 τιθένς,
333 1108 507 1159 Τι’ρυιις,
553 1102 706 1148 deinde
746 1106 791 1147 in
831 1104 1050 1147 femininis
1079 1102 1403 1161 participiorum
1433 1107 1476 1142 ct
1504 1100 1559 1141 si-

117 1172 283 1213 milium
315 1173 565 1227 nominum,
602 1181 649 1214 ut
678 1174 942 1228 ὑπάρχουσα,
972 1172 1136 1225 πάνσα,
1163 1170 1347 1223 filorum,
1394 1176 1484 1210 tum
1514 1168 1559 1209 in

116 1240 355 1282 accusativo
394 1240 551 1297 plurali
588 1241 752 1299 primae
792 1248 835 1282 et
877 1239 1088 1282 secundae
1130 1236 1456 1290 declinationis,
1514 1242 1563 1277 ut

118 1307 422 1364 npecyevtoivg,
444 1307 562 1364 τόνς,
612 1316 828 1367 postremo
858 1307 903 1348 in
932 1306 1250 1365 praepositione
1283 1305 1346 1352 ἕνς
1375 1310 1417 1345 ct
1443 1302 1559 1346 N.P.

121 1376 374 1430 Πριάνσιος.
434 1376 530 1419 Jam
561 1376 663 1419 olim
692 1375 916 1418 docuimus
947 1375 1019 1426 (L.
1052 1375 1071 1415 I
1112 1370 1152 1430 ἓ.
1188 1371 1285 1427 10),
1319 1371 1565 1429 antiquissi-

117 1461 210 1486 mae
240 1445 412 1502 linguae
442 1444 487 1486 in
517 1444 585 1486 his
612 1444 761 1486 formis
791 1443 971 1500 vestigia
1004 1457 1232 1500 apparere,
1277 1439 1409 1493 adde,
1449 1439 1564 1497 quod

119 1528 171 1553 ex
202 1512 377 1570 antiquo
409 1514 471 1560 ἐνς
500 1513 627 1554 ctiam
654 1512 785 1567 hujus
816 1509 1148 1569 praepositionis
1179 1509 1313 1549 forma
1344 1509 1384 1548 ἐν
1406 1522 1484 1565 pro
1508 1508 1564 1555 εἰς

118 1579 164 1620 in
194 1579 519 1636 septentrionali
549 1579 730 1621 Graecia
759 1578 931 1637 prodire
962 1577 1126 1635 potuit,
1156 1576 1243 1618 vid.
1277 1575 1328 1617 L.
1359 1574 1379 1615 I
1418 1575 1459 1628 ξ.
1494 1575 1565 1629 54,

121 1648 146 1689 3
176 1653 218 1687 et
246 1647 350 1689 infr.
392 1647 433 1700 ξ.
465 1648 535 1689 43.
607 1646 809 1689 Ceterum
846 1645 1043 1704 plerique
1080 1645 1250 1696 Dores,
1309 1642 1434 1684 ctiam
1463 1642 1566 1684 Cre-

119 1714 307 1755 tensium
335 1714 472 1769 major
499 1731 624 1772 pars,
656 1730 753 1756 eum
782 1713 961 1771 reliquis
987 1711 1163 1754 Graecis
1192 1729 1213 1751 ν
1242 1717 1338 1751 ante
1374 1727 1397 1750 σ
1426 1709 1566 1765 ejecto

122 1781 294 1823 brevem
334 1782 523 1823 vocalem
560 1782 880 1824 antecedentem
918 1780 1240 1838 produxerunt,
1297 1786 1340 1819 et
1378 1777 1568 1819 severior

123 1849 305 1905 quidem·
326 1849 458 1890 Doris
489 1865 585 1891 cum
611 1848 787 1891 Boeotis
819 1864 835 1889 ε
865 1856 907 1890 et
935 1865 954 1889 ο
986 1848 1031 1889 in
1060 1866 1086 1897 η
1115 1854 1160 1888 ct
1189 1864 1245 1900 ω,
1287 1845 1432 1886 mitior
1469 1861 1566 1887 cum

123 1915 301 1958 Ionibus
332 1923 374 1958 et
401 1915 561 1958 Atticis
600 1916 646 1957 in
686 1932 722 1957 ει
757 1922 800 1958 et
836 1933 912 1971 ov,
972 1915 1058 1957 vid.
1093 1911 1133 1972 ἓ.
1165 1914 1234 1956 20.
1308 1913 1357 1954 In
1390 1911 1566 1969 syllabis

122 1983 324 2026 finalibus
364 2000 463 2042 pars
500 1983 782 2027 Doriensium
821 1982 994 2025 brevem
1031 1982 1222 2026 vocalem
1263 1980 1438 2039 reliquit
1477 1978 1564 2023 vid.

122 2048 162 2108 g,
193 2052 263 2094 21.

772 2222 814 2276 ξ.
850 2222 916 2264 15.

297 2313 376 2345 lle
400 2313 513 2345 aliis
545 2316 921 2347 consonantium
949 2313 1396 2354 conj-motionibus.

241 2393 283 2441 l)
341 2390 462 2432 Muta
504 2407 600 2432 cum
643 2400 756 2434 muta
810 2407 888 2449 pro
939 2389 1126 2447 simplici
1168 2404 1356 2431 consona
1405 2394 1469 2429 est
1520 2387 1565 2429 in

127 2461 354 2514 γδοῦπος
392 2473 471 2515 pro
512 2459 684 2512 δοῦπος,
744 2459 860 2517 quod
889 2457 1077 2516 Epirotis
1112 2457 1315 2498 tribuitur
1352 2455 1403 2496 ab
1431 2455 1565 2496 Hera-

127 2528 238 2570 clide
267 2543 336 2585 ap.
371 2526 564 2567 Eustath.
599 2526 734 2579 1722,
765 2528 821 2568 44
859 2533 902 2568 ct
937 2525 982 2566 in
1023 2524 1304 2576 πτόλεμος,
1363 2521 1479 2580 quod
1507 2521 1566 2564 le-

129 2595 245 2652 gitur
284 2595 328 2635 in
359 2593 476 2635 Cret.
508 2592 644 2646 2554,
678 2594 784 2647 197,
842 2608 973 2651 quum
1012 2592 1141 2649 vulgo
1173 2591 1431 2649 Cypriorum
1470 2604 1565 2631 csse

129 2741 169 2775 τὸ
195 2741 375 2775 Βοιωτικὸν
398 2742 553 2782 μουσάων
585 2739 724 2785 (potius
747 2740 924 2779 amodum?
971 2740 1011 2776 τὸ
1042 2739 1195 2784 Ῥηγινὸν
1223 2742 1344 2779 μοισᾶν
1377 2739 1464 2783 (leg.
1484 2737 1565 2784 Ἀρ-

130 2802 216 2841 γεῖον
238 2802 390 2842 μονσᾶν).
