1779 3079
226 197 326 245 296
719 198 793 244 De
842 196 1190 262 conjugatione.

227 358 340 400 quae
372 358 394 382 a
422 340 587 382 Doride
619 349 734 382 certe
763 357 848 384 non
880 342 1036 394 aliena,
1069 341 1248 383 sortasse
1270 338 1505 397 antiquiori
1527 337 1684 381 Doridi

228 411 356 451 etiam
398 409 538 466 aptior
575 415 665 463 θεῖ,
716 408 761 450 in
800 410 1105 467 antiquissimo
1151 406 1324 465 quidem
1357 407 1505 455 titulo,
1554 422 1683 464 quem

228 478 309 518 hoc
340 477 384 517 in
417 477 511 518 loeo
535 476 761 517 consulere
791 477 910 530 lieet,
942 477 1103 533 Amph.
1137 475 1260 528 1688,
1294 474 1383 515 fere
1406 474 1496 515 sola
1516 478 1681 528 regnat.

228 544 427 599 Dignum
456 551 596 585 tamen
626 552 860 585 memoratu
893 552 981 597 est,
1031 543 1143 600 apud
1172 542 1478 584 Archimedem
1510 540 1672 594 eonjun

229 611 364 652 etivos
397 611 649 669 saepissime
679 611 762 652 iota
794 627 966 665 carere,
1004 610 1121 668 quod
1152 610 1196 650 in
1230 609 1384 651 dativis
1415 610 1511 650 raro
1538 607 1685 664 negle-

229 687 344 720 ctum
375 687 456 720 est.
520 679 719 720 Ceterum
752 679 1116 721 verisimillimum
1147 685 1235 730 est,
1280 676 1511 718 secundam
1539 690 1686 732 perso-

230 762 356 799 nam,
403 747 528 801 eujus
561 747 755 804 exempla
783 747 828 788 in
860 747 1000 788 titulis
1032 762 1118 788 non
1137 742 1376 803 ¹leguntur,
1424 743 1571 785 eadem
1600 757 1686 783 am-

227 814 438 872 biguitate
468 814 620 855 fuisse.

341 882 386 931 4)
431 880 895 938 Imperativorum
928 878 1209 934 objectivi
1242 879 1416 920 tertia
1446 892 1688 935 persona

229 948 480 1004 pluralis
525 947 688 1004 triplici
731 947 866 988 forma
898 947 1031 988 utitur
1060 946 1106 987 in
1138 946 1322 988 Doricae
1355 945 1526 987 dialecti
1559 945 1689 986 fonti-

229 1015 336 1056 bus:
373 1032 476 1063 ντω,
509 1032 612 1054 ντων
644 1023 686 1055 et
715 1031 866 1055 τωσαν.

344 1081 389 1136 a)
430 1082 574 1122 Prima
607 1082 744 1123 forma
774 1081 819 1122 in
851 1081 920 1123 his
951 1081 1090 1123 titulis
1120 1081 1354 1139 reperitur:
1389 1080 1553 1123 Lacon.
1579 1080 1687 1122 1331

232 1150 382 1199 ὁόνῖω,
426 1149 586 1207 Delph.
624 1149 750 1191 1699.
786 1150 1063 1191 1701-1706
1094 1157 1136 1191 ct
1165 1150 1216 1192 71
1250 1149 1305 1189 R.
1337 1149 1457 1190 ἐόντω
1490 1155 1532 1189 et
1564 1163 1689 1199 παρε-

229 1216 382 1270 χόντω,
417 1217 553 1258 Phoc.
580 1216 633 1258 73
652 1216 707 1257 R.
742 1216 946 1271 θαψάντω
981 1225 1022 1258 et
1046 1217 1116 1271 74,
1135 1233 1156 1257 a
1189 1216 1309 1256 ἕόνῑω
1327 1247 1339 1269 ,
1374 1216 1553 1272 Corcyr.
1580 1213 1690 1257 1845

231 1284 377 1333 Masso),
411 1283 639 1333 ποιούντω,
685 1283 961 1326 ἇποτεισάντω
993 1292 1103 1337 etc.,
1150 1283 1294 1325 Rhod.
1329 1283 1455 1336 2525,
1476 1283 1501 1323 Ι)
1533 1287 1687 1335 λαμβα-

233 1352 358 1392 Γνόντω
391 1359 431 1392 et
464 1351 773 1406 στεφανούντω,
806 1351 965 1409 Αεῒῃ).
998 1352 1124 1394 2483.
1158 1351 1271 1394 2484
1304 1350 1432 1391 δόντω
1465 1359 1506 1393 et
1539 1366 1688 1403 στεφα-

230 1419 450 1469 νωσάντω,
486 1419 657 1461 Heracl.
694 1419 742 1472 1,
776 1420 829 1461 74
863 1419 1153 1473 ἇιιγραιχνάντιι).

344 1487 388 1537 1))
450 1486 652 1528 Secunda
696 1487 940 1529 terminatio
983 1495 1049 1529 est
1089 1487 1134 1527 in
1175 1487 1337 1543 Amph.
1381 1485 1488 1528 1688
1527 1483 1688 1533 ἐόντων,

233 1553 449 1608 διδόντων,
486 1554 737 1608 συναγόντων
767 1563 879 1606 ete.;
927 1555 971 1595 in
1004 1554 1136 1595 Ther.
1171 1555 1283 1596 2448
1313 1552 1512 1608 ἐχόντων,
1562 1550 1690 1604 ἀφαι-

233 1621 440 1675 ρούντων,
473 1621 517 1662 in
552 1622 669 1664 Cret.
703 1622 998 1665 2554—2557.
1033 1622 1158 1665 3048.
1195 1621 1304 1663 3049
1335 1619 1553 1671 ἐπιόντων,
1593 1619 1689 1660 θέν-

231 1705 336 1738 των,
389 1689 618 1743 ἑρπόντων,
664 1690 924 1743 στασάντων,
970 1690 1012 1731 ἰι)
1046 1690 1218 1731 foedere
1252 1688 1366 1746 apud
1396 1687 1596 1744 Thucyd.
1629 1686 1688 1740 V,

231 1756 286 1798 79
318 1757 620 1798 κοινανεόντων.
683 1757 844 1799 Eadem
875 1766 939 1799 est
968 1757 1081 1815 apud
1114 1756 1443 1809 Archimedem,
1478 1763 1524 1796 ut
1550 1755 1686 1796 Aren.

232 1839 275 1879 p.
310 1824 393 1865 322
435 1825 720 1877 ἕπιψαι·ὀντων
761 1833 802 1866 et
843 1825 1088 1880 τξμνόντων,
1136 1841 1216 1866 nec
1247 1825 1390 1865 minus
1422 1839 1499 1880 pro
1528 1839 1690 1863 ποτιπι-

233 1891 384 1931 πτέτων
415 1891 467 1933 de
499 1893 641 1934 Helie.
676 1910 719 1950 p.
754 1894 837 1935 232
867 1900 908 1933 et
938 1894 1286 1934 ποτιττιπτέτωσαν
1323 1908 1365 1948 p.
1399 1892 1480 1933 233
1514 1906 1535 1931 e
1567 1889 1688 1930 Basi-

234 1958 396 1999 leensis
421 1967 463 1999 et
481 1960 678 2001 codicum
700 1960 962 2001 lectionibus
986 1960 1304 2001 ῑτοτιπιπτόντων
1323 1957 1492 1999 restitui
1521 1965 1689 2014 oportet

235 2032 278 2066 et
308 2025 580 2067 ἐκπιπτόντων
619 2041 696 2083 pro
737 2028 980 2067 ἑκηιῑιτέῑων
1020 2043 1062 2083 p.
1096 2028 1208 2078 232,
1272 2025 1572 2065 ἀνεστακὸντων
1611 2041 1689 2082 pro

239 2090 513 2133 ἇνεστακὲτων
557 2094 608 2135 de
655 2094 841 2135 Conoid.
888 2111 931 2151 p.
973 2095 1055 2135 285
1100 2094 1226 2134 etiam
1267 2093 1358 2134 sine
1403 2093 1546 2134 libris.
1620 2092 1689 2134 De

236 2158 362 2199 ἔστων
395 2160 419 2201 3
448 2160 538 2217 pl.‚
586 2161 700 2218 quod
739 2161 851 2218 apud
891 2161 1071 2202 eundem
1104 2161 1230 2201 modo
1262 2161 1423 2202 editum
1455 2160 1581 2201 modo
1611 2175 1689 2218 pro

237 2225 419 2267 ἔστωσαν
448 2235 520 2268 aut
551 2227 652 2268 ἔστω
684 2228 1000 2269 restituendum
1033 2236 1124 2280 est,
1159 2229 1243 2269 vid.
1279 2234 1317 2278 ξ.
1352 2230 1420 2269 40.

349 2301 389 2345 c)
442 2294 592 2336 Tertia
623 2296 866 2337 terminatio
898 2312 983 2337 non
1019 2296 1230 2353 reperitur
1261 2296 1347 2337 nisi
1380 2295 1423 2336 in
1453 2294 1593 2337 titulis
1624 2311 1689 2337 sa·

238 2361 293 2403 tis
324 2362 595 2403 recentibus:
630 2363 763 2404 Phoc.
788 2364 840 2405 73
866 2363 918 2403 R.
947 2364 1342 2416 παραμεινάῑωσαν,
1375 2362 1685 2413 ποιησάτωσαν,

238 2445 485 2486 quanquam
527 2429 684 2471 ibidem
728 2439 793 2471 est
832 2431 1061 2483 θαψάντω,
1121 2433 1201 2485 74,
1234 2432 1259 2472 Ι)
1301 2429 1686 2484 παραμεινάτωσαν,

237 2497 289 2537 81
324 2495 563 2550 ἔσστωσαν,
611 2498 772 2538 Lacon.
813 2499 914 2540 1461
949 2500 1189 2549 αι’ρέτωσαν.

351 2565 399 2604 ln
441 2564 766 2619 subjectivo
810 2566 1004 2620 ejusdem
1045 2582 1250 2623 personae
1297 2566 1396 2606 item
1437 2565 1592 2621 triplex
1624 2572 1689 2606 est

239 2630 481 2673 terminatio
523 2632 667 2675 miuus
708 2640 849 2675 tamen
881 2633 1083 2675 distincte
1125 2634 1237 2676 inter
1264 2634 1476 2675 variorum
1508 2632 1687 2690 populo-

239 2715 331 2740 rum
365 2698 513 2740 titulos
544 2700 708 2742 divisa:

350 2775 391 2816 a)
452 2766 595 2808 Prima
639 2767 680 2808 in
724 2767 900 2824 Corcyr.
947 2768 1076 2809 1845:
1126 2769 1154 2809 l.
1196 2769 1242 2809 13
1287 2766 1495 2813 διδόσθω,
1543 2768 1572 2809 l.
1609 2768 1686 2810 ’104
