1779 3079
380 179 421 239 ᾗ.
458 181 538 231 53.
607 182 682 229 De
718 180 920 230 dialecto
955 183 1213 233 Arcadica.
1420 186 1514 236 231

73 315 279 365 conibus,
322 322 367 356 nt
395 331 419 356 σ
444 314 487 355 in
518 321 541 371 ῥ
570 321 775 356 mutatum
806 325 847 358 et
879 318 1058 359 {hut-usse
1091 319 1288 376 spiritum
1318 336 1512 376 aspeium

70 398 149 440 pro
181 383 342 440 sigmaz,
400 383 482 424 alia
519 381 704 438 deniqne
742 383 914 441 propria
955 385 1038 425 sibi
1076 387 1229 440 habet,
1281 388 1461 430 maxime
1493 409 1518 430 α

71 465 150 507 plo
188 452 207 491 Ξ
236 458 278 491 et
315 455 338 500 ἧ
376 451 419 491 in
461 449 624 491 multis.
685 449 822 506 Igitur
864 468 917 492 ne
959 451 1052 508 ipsa
1097 469 1139 508 q
1130 470 1184 494 u
1189 455 1268 495 lem
1311 455 1517 497 dialectus

74 518 296 559 Strabonis
323 518 545 559 A‹olieam
582 533 673 557 eam
708 518 901 559 vocantis
941 520 1233 561 auetoritzeittm
1278 524 1510 564 confimat

71 584 260 642 Propius
291 585 402 626 enim
441 584 605 626 aceedit
644 583 697 624 ad
725 584 926 625 Doricam
968 594 1009 626 et
1038 586 1298 628 Laconicam
1337 591 1517 632 maxime

74 652 325 705 dialectum,
386 652 440 692 ita
470 659 610 693 tamen
641 658 688 692 ut
717 652 876 709 optimo
902 653 1002 707 jure
1031 653 1263 710 peculiaris
1293 656 1515 712 dialectus,

73 735 157 761 non
188 718 372 761 Doricae
403 719 580 761 varietas
610 719 817 777 quaedam
848 719 1069 762 habeatur.

719 882 761 936 g.
805 881 873 925 53.

493 976 572 1007 De
604 975 819 1008 dialecto
852 975 1106 1008 Arcadica.

189 1068 255 1108 De
285 1067 501 1108 Arcadum
532 1067 713 1108 dialecto
751 1064 1015 1124 grammatici
1045 1067 1305 1123 paucissima
1335 1067 1523 1120 tradunt,

76 1152 209 1194 pauca
238 1142 554 1190 cognoscuntur
584 1150 606 1175 e
637 1134 776 1176 titulis
797 1133 1070 1189 Tegeaticis,
1102 1149 1209 1190 quae
1239 1134 1384 1192 aliqua
1413 1142 1525 1176 certe

79 1220 132 1245 cx
160 1203 336 1260 antiqua
365 1202 620 1259 proprietate
651 1209 888 1242 servarunt.
950 1201 1061 1242 Sunt
1091 1218 1190 1243 vero
1220 1202 1289 1243 bi:
1323 1201 1367 1242 in
1393 1201 1524 1260 Corp.

77 1270 215 1312 lnscr.
248 1286 313 1311 nr.
350 1270 484 1322 1513,
525 1285 652 1326 quem
681 1269 850 1309 titulum
883 1268 1254 1325 corruptissimum
1285 1269 1528 1310 Boeekhius

79 1355 103 1380 0
132 1337 263 1380 variis
293 1337 488 1379 frustulis
532 1339 727 1383 consuitt,
780 1337 950 1378 initium
979 1345 1121 1378 tamen
1154 1354 1193 1379 v.
1230 1338 1353 1379 1-4
1384 1353 1406 1378 a
1437 1338 1529 1378 solo

82 1405 284 1449 Corsinio
313 1405 514 1446 traditum
547 1420 631 1446 non
664 1404 831 1445 videtur
866 1404 953 1445 nisi
984 1420 1084 1445 casu
1116 1420 1211 1445 cum
1250 1404 1530 1461 sequentibus

76 1475 274 1530 junctum
319 1489 439 1527 05507
484 1482 668 1514 extrema
712 1487 810 1529 pars
850 1480 998 1529 postea
1039 1471 1303 1513 emendatius
1342 1471 1530 1512 exhibita

82 1549 146 1583 est
175 1557 197 1582 a
228 1541 389 1582 Lealiio
422 1543 571 1582 Morecc
601 1556 666 1580 nr.
704 1541 752 1592 13
794 1539 947 1580 deinde
979 1539 1030 1581 C.
1065 1540 1097 1580 l.
1138 1556 1202 1579 nr.
1239 1538 1366 1587 1514,
1400 1554 1531 1594 pauca

81 1609 211 1650 verba
240 1607 533 1661 continentes,
574 1614 615 1648 et
643 1608 840 1663 pauciora
870 1607 995 1648 etiam
1025 1607 1288 1664 antiquiores
1318 1606 1433 1647 tituli
1464 1624 1528 1647 nr.

84 1677 195 1719 1512
231 1683 272 1716 et
301 1675 440 1729 1520,
488 1675 601 1732 apud
638 1674 846 1716 Leakium
877 1678 989 1716 ΠΙον.
1030 1690 1093 1715 nr.
1127 1675 1179 1716 52
1211 1681 1251 1715 et
1281 1673 1393 1730 apud
1423 1673 1531 1714 Ros·

84 1745 195 1785 sium
233 1742 279 1783 in
308 1742 641 1798 Inscriptionum
672 1741 930 1784 Graecarum
971 1743 1095 1785 Fasc.
1131 1743 1165 1782 l.
1199 1758 1263 1782 nr.
1296 1741 1335 1783 7.
1399 1742 1434 1782 Ε
1469 1758 1531 1781 ι·0-

83 1811 217 1870 liquis
258 1809 612 1867 inscriptionibus
649 1809 900 1867 Tegeaticis
939 1826 1004 1850 nr.
1043 1810 1145 1850 1511
1189 1808 1373 1849 foederis
1404 1809 1531 1850 Pelo-

83 1877 333 1938 ponnesiaci
362 1876 610 1918 auctoritate
639 1886 803 1918 exarata
834 1894 986 1935 purum
999 1876 1248 1918 Dorismum
1278 1878 1421 1923 refert,
1455 1893 1533 1918 nec

85 1947 229 1989 minus
258 1945 366 1987 aliae
396 1944 675 1998 recentiores,
706 1944 887 1986 maxime
900 1945 1029 1986 Ross.
1063 1960 1127 1985 nr.
1151 1945 1172 1985 1
1203 1951 1244 1985 et
1271 1960 1397 2001 quam
1422 1944 1533 1985 idem

86 2014 221 2056 edidit
261 2013 305 2053 in
330 2012 692 2069 Ephemeridibus
722 2012 985 2054 Halon-sibus
1025 2013 1401 2067 (Intelliyenzblatf
1429 2013 1535 2054 1838

86 2099 154 2124 nr.
180 2079 280 2137 40)3
311 2080 698 2138 Megalopolitanae
728 2096 814 2121 non
845 2080 1047 2120 differunt
1076 2081 1164 2122 fere
1195 2096 1217 2121 a
1247 2080 1415 2138 vulg-ari
1447 2079 1534 2121 Do-

87 2150 245 2201 rismoq,
277 2164 374 2188 nam
404 2147 518 2205 quod
547 2147 592 2188 in
623 2164 689 2187 nr.
724 2147 830 2189 1539
860 2155 1030 2188 tenuem
1063 2164 1138 2205 pro
1169 2147 1350 2205 aspirata
1379 2147 1535 2188 liabent

88 2217 312 2272 προκάτισε
343 2222 383 2256 et
416 2213 588 2268 Hz'uou,
621 2231 745 2273 quain
764 2215 1001 2256 Arcadicae
1033 2214 1203 2255 dialecti
1233 2215 1534 2271 proprietatem

84 2284 295 2341 jlldicavit
323 2282 593 2336 Bocckhius‚
635 2282 940 2331 Fourmontio‚
984 2283 1109 2337 eujus
1141 2299 1162 2323 0
1195 2283 1365 2323 schedis
1397 2283 1535 2323 omnis

90 2352 185 2408 ejus
223 2350 340 2398 tituli
382 2349 572 2407 cognitio
615 2350 824 2402 manavit,
877 2367 961 2391 non
1001 2366 1198 2406 magnam
1228 2350 1352 2390 tidem
1382 2350 1533 2397 babeo„

90 2419 342 2476 praesertim
380 2434 512 2475 quum
555 2417 739 2474 aspirata
779 2417 939 2460 ibidem
970 2417 1258 2474 conspiciatur
1296 2416 1340 2457 in
1371 2419 1535 2469 μηθεὶς,

94 2485 171 2539 ἀφ’
204 2487 378 2539 ἑσπέρας
408 2492 449 2526 οῐ
490 2484 756 2540 ι·(εμό)μεθ·α,
808 2501 1050 2543 quanquam
1093 2486 1163 2526 hic
1192 2484 1393 2526 Muelleri
1437 2500 1534 2541 apo—

95 2553 303 2611 graphum
333 2568 466 2609 aeque
495 2569 613 2604 -μετα
644 2552 832 2608 praebet.

205 2620 240 2662 E
269 2619 519 2661 certioribus
549 2620 742 2662 sontibus
771 2621 874 2663 haee
905 2622 957 2664 de
979 2620 1191 2665 Arcadica
1220 2618 1402 2660 dialecto
1426 2634 1537 2660 com-

96 2696 212 2746 perta
241 2688 471 2730 habemus:

208 2755 395 2813 Spiritus
424 2772 550 2815 asper
589 2756 772 2815 scriptus
803 2757 1014 2814 reperitur
1044 2756 1088 2797 in
1120 2754 1267 2797 Rossii
1296 2753 1539 2805 antiquiore.
