1779 3079
494 174 536 234 §.
572 176 619 222 2.-
688 174 762 221 De
800 170 1028 220 fontibus.
1426 171 1487 219 17

42 308 289 351 lariotarum
332 309 385 351 ad
423 309 574 352 Parios
616 306 796 366 epistola
837 322 905 347 nr.
936 306 1047 349 ,2557
1095 306 1252 349 multae
1289 307 1488 365 vulgares

42 377 202 419 formae
215 378 504 435 reperiuntur,
534 375 774 418 Hoeckium
791 380 833 415 ct
846 372 1111 415 Boeckhium
1142 375 1193 416 C.
1218 375 1250 417 Ι.
1271 375 1314 417 ΙΙ
1344 391 1388 434 p.
1407 375 1486 419 401

42 444 200 498 movit,
259 452 306 486 ut
342 445 490 486 titulos
528 442 716 501 purioris
755 440 927 482 dialecti
964 456 1031 481 nr.
1064 442 1189 484 2554.
1221 442 1346 485 2555.
1379 442 1495 486 2556*

43 512 308 569 antiquiores
336 512 606 568 judicarent,
647 510 690 551 id
721 509 836 567 quod
864 507 1006 548 minus
1036 515 1198 549 certum
1228 511 1421 564 videtur,
1453 510 1491 552 si

43 577 242 636 lapicidis
284 579 405 635 Tejis
450 586 498 642 ‘et
540 578 669 619 Pario
715 577 811 618 illas
856 574 1003 617 deberi
1045 582 1160 617 recte
1204 578 1489 635 suspicamur,

42 645 128 688 vid.
162 663 229 687 nr.
263 648 329 688 12.

156 711 227 768 11)
289 712 624 770 Cyrenaicos
664 711 837 765 titulos,
881 710 994 752 unde
1034 710 1203 753 dialecti
1241 711 1383 768 aliqua
1425 727 1493 753 co-

43 780 179 837 gnitio
209 781 371 822 hauriri
399 780 566 838 possit,
612 795 770 838 paucos
809 779 960 820 della
997 778 1152 820 Cella
1194 778 1239 819 in
1279 779 1493 820 Itinere

44 847 361 904 Cyrenaico
391 848 609 905 vulgavit3
641 848 787 906 plures
818 853 859 888 et
888 846 1082 888 utiliores
1113 862 1135 887 c
1156 846 1293 903 copiis
1324 846 1369 886 iu
1390 845 1495 887 Cor-

41 915 161 972 poris
191 915 529 973 Inscriptionum
561 932 686 957 usum
714 914 930 971 congestis
960 913 1122 970 insigni
1145 913 1319 954 Franzii
1348 915 1496 955 huma-

42 982 174 1024 nitate
205 982 523 1024 accuratissime
554 982 792 1040 descriptos
824 981 985 1039 accepi.
1058 980 1275 1038 Utrosque
1305 982 1495 1023 numeris

43 1050 409 1106 significabimus,
450 1066 535 1108 quo
565 1050 738 1092 brevius
769 1050 965 1106 singulos
997 1048 1200 1089 advocare
1232 1049 1464 1106 possimus.

160 1119 202 1170 1)
259 1118 433 1160 Titulus
475 1117 681 1175 Asclapi‚
741 1117 816 1174 qui
866 1124 955 1158 erat
1005 1116 1227 1173 Apollinis
1278 1117 1495 1170 sacerdos,

43 1192 205 1226 statuae
238 1185 535 1243 subscriptus,
567 1185 642 1243 qui
673 1184 827 1242 incipit
855 1183 1098 1225 Ἀσκλαπόν
1128 1183 1358 1225 Ἀσκλαπῶ
1385 1189 1494 1239 iape-

41 1269 222 1294 Tfl'Ovra.

75 1326 77 1329 '
151 1320 198 1372 2)
258 1319 489 1377 Catalogus
532 1320 787 1362 feminarum
836 1318 1103 1360 sacerdotum
1146 1318 1332 1361 ,Iunonis
1350 1351 1362 1373 9
1422 1319 1497 1377 qui

41 1387 196 1446 incipit
223 1387 325 1436 θεὸς
355 1388 456 1443 τύχα
489 1387 628 1442 ἀγαθά
662 1387 815 1438 ἱάρεαι.

154 1455 204 1508 3)
265 1454 479 1510 Stemma,
514 1455 630 1513 quod
659 1455 812 1513 incipit
842 1455 1054 1510 Κλέαρχος
1083 1454 1298 1509 Κλεάρχω.

153 1523 198 1575 4)
258 1523 491 1581 Inscriptio
522 1523 802 1581 sepulcralis:
835 1521 1127 1577 ’Λρὶστοτεὶὶης
1147 1522 1312 1570 Σώσιος
1331 1521 1503 1575 {afflues

43 1591 204 1643 μηθένα
237 1591 393 1639 ἕντίθη.

159 1659 208 1710 5)
266 1657 439 1700 Titulus
464 1665 625 1700 statuae
648 1657 940 1715 subscriptus,
973 1658 1047 1716 qni
1066 1657 1220 1715 incipit
1247 1656 1326 1698 Ὀλ
1341 1688 1351 1698 .
1373 1688 1382 1697 .
1399 1687 1409 1697 .
1429 1653 1500 1696 άν-

44 1731 130 1775 θης·
157 1725 369 1774 ’Λνάξιος.

156 1793 200 1845 6)
261 1793 493 1849 Catalogus
525 1792 638 1850 apud
669 1791 780 1833 Cell.
813 1808 857 1850 p.
895 1791 974 1833 145
1004 1791 1126 1833 valde
1157 1796 1397 1847 corruptus.
1448 1812 1500 1818 —

44 1861 106 1903 lu⁴
135 1861 203 1902 his
245 1876 319 1902 sex
348 1860 483 1901 titulis
512 1860 680 1902 nullum
712 1860 1006 1900 Romanorum
1036 1857 1342 1899 dominationis
1373 1857 1500 1900 vcsti-

46 1928 164 1985 gium
196 1927 462 1985 conspicitur
491 1935 533 1969 et
562 1927 770 1968 dialcetus
800 1926 1017 1984 antiquior
1047 1923 1141 1980 θεῖς’
1174 1932 1404 1982 sequentes
1430 1926 1499 1967 vel

45 1995 251 2037 Romanis
282 1995 527 2036 nominibus
558 1995 627 2036 vel
650 1995 832 2036 dialecto
850 1993 1186 2035 monstrantibus
1207 1993 1499 2035 Romanorum

43 2068 235 2120 tempore
267 2062 415 2120 scripti
446 2068 560 2102 sunt.

160 2130 228 2189 7),
269 2130 501 2186 Catalogus
531 2128 800 2170 sacerdotum
828 2127 1051 2185 Apollinis
1069 2158 1082 2181 9
1114 2127 1187 2184 qui
1216 2127 1370 2184 incipit
1400 2126 1501 2176 θεὸς

46 2197 148 2253 τύχα
180 2196 321 2251 ἀγαθὰ
351 2199 487 2251 ῖαρές,
520 2205 618 2238 non
637 2196 861 2253 antiquior
880 2195 1084 2248 Tiberio,
1116 2202 1163 2235 ut
1191 2195 1315 2253 docet
1344 2210 1500 2236 nomen

57 2272 121 2306 Tc.
156 2263 377 2312 Κλαύδιος.
452 2265 503 2305 In
542 2264 696 2305 iisdem
734 2263 909 2305 Franzii
947 2261 1117 2304 schedis
1156 2278 1255 2319 pars
1292 2262 1422 2317 hujus
1450 2262 1502 2302 ti-

48 2332 130 2374 tuli
165 2331 406 2389 reperitur,
466 2331 638 2373 aliunde
675 2330 790 2372 haud
828 2329 956 2371 dubie
997 2329 1183 2382 missus,
1235 2328 1341 2372 ‘inde
1380 2345 1403 2370 a
1432 2335 1498 2370 M.

48 2399 259 2448 'Aolucoffi
302 2398 384 2439 alia
412 2414 512 2456 pars
541 2399 656 2458 apud
687 2398 852 2440 Cellam
880 2413 925 2455 p.
960 2398 1056 2440 144.
1121 2398 1323 2440 Ceterum
1351 2397 1502 2438 titulus

50 2466 292 2525 corruptior
321 2473 400 2508 est.

161 2534 207 2587 8)
265 2532 440 2574 Titulus
470 2539 631 2574 statuae
662 2532 931 2591 subscriptus
964 2532 1075 2574 Cell.
1108 2549 1152 2590 p.
1187 2532 1282 2573 142.

161 2603 208 2653 9)
270 2600 462 2653 Similis,
495 2598 571 2656 qui
597 2599 749 2658 incipit
767 2600 1031 2654 Ὀλυμπιάδα
1059 2602 1276 2652 Φιλίσκου,
1307 2596 1499 2639 mutilus.

136 2668 208 2718 10)
267 2668 419 2709 Fontis
450 2666 674 2724 inscriptio
707 2667 818 2709 Cell.
857 2684 902 2726 p.
940 2668 1036 2709 143.

137 2737 209 2789 11)
265 2735 441 2778 Titulus
464 2741 625 2776 statuae
649 2734 935 2794 subscriptus,
968 2734 1043 2792 qui
1062 2733 1216 2791 incipit
1230 2736 1286 2774 τῶ
1304 2736 1506 2787 σεβασταῖ.

110 2819 168 2862 11.
1217 2819 1245 2860 2
