1779 3079
191 162 253 210 12
462 215 465 218 ‚
647 161 689 221 ᾗ.
720 162 765 209 2.
839 162 911 208 De
941 160 1165 209 fontibus.

188 301 306 359 quod
334 301 612 356 Theognosto
641 306 811 341 auctore
840 300 976 351 (Anu.
1008 299 1123 341 Oxx.
1155 299 1222 354 II,
1257 299 1362 354 121,
1394 300 1438 351 3)
1471 297 1634 341 Χαλεὸν

189 371 215 419 ἦ·
246 368 361 416 πόλις
391 367 458 408 διὰ
486 369 560 408 τοῦ
591 375 612 406 ἒ
641 367 857 409 scribitur.

358 435 814 487 Thaumaeorum,
859 433 1006 491 oppidi
1045 433 1089 474 in
1120 433 1367 475 Phthiotide
1396 433 1495 488 siti,
1546 439 1633 474 tres

188 502 303 544 tituli
344 509 487 544 extant
523 518 590 544 nr.
625 501 746 544 1771.
782 503 904 545 1772.
940 502 1046 543 1773
1084 501 1210 559 pejus
1247 500 1404 552 habiti,
1452 515 1635 559 quorum

188 569 395 613 dialectus
426 577 490 612 est
518 569 692 612 Dorica.

357 637 680 679 Aetolorum
711 643 811 677 sunt
847 636 960 677 tituli
991 635 1219 693 Naupactii
1248 651 1316 676 nr.
1351 634 1474 677 1756.
1509 633 1634 688 1757,

188 723 226 747 a.
246 706 274 747 b
304 712 401 764 post
428 704 678 762 Philippum
706 706 919 761 Amyntae
950 703 1126 761 scripti,
1183 719 1268 760 quo
1297 710 1488 760 tempore
1517 701 1634 742 Nau-

189 780 337 831 pactus
366 772 620 814 Aetolorum
660 778 776 826 erat,
823 787 888 811 nr.
923 771 1036 814 2350
1063 770 1318 812 Aetolorum
1356 777 1398 810 et
1425 786 1490 810 nr.
1523 769 1632 811 2351

189 840 523 899 Naupactiorum
553 839 720 880 decreta
751 838 802 879 ad
826 838 956 891 Ceos,
986 839 1068 879 hoc
1086 838 1208 879 valde
1228 837 1443 892 mutilum,
1474 843 1635 877 utrum-

188 925 272 967 que
303 908 383 950 Cei
412 906 629 964 positum,
676 921 742 946 nr.
776 905 886 948 3046
914 905 1170 945 Aetolorum
1209 905 1426 945 decretum
1463 904 1516 945 ad
1550 903 1633 945 Tc-

183 977 280 1032 jos,
311 975 394 1017 Tei
425 974 537 1015 circa
565 989 603 1013 a.
639 972 720 1014 100
748 989 785 1013 a.
821 972 924 1014 Chr.
957 972 1161 1029 positum.

301 1043 342 1094 5)
400 1040 777 1094 Acarnaniae,
835 1039 1200 1094 Ambraciae,
1248 1038 1526 1094 Corcyrae
1569 1036 1634 1079 in-

190 1109 446 1167 scriptiones
476 1108 805 1165 conjungimus,
857 1107 956 1165 quia
993 1108 1070 1148 has
1109 1114 1242 1148 terras
1273 1105 1477 1148 Doricam
1506 1105 1635 1146 dialc-

191 1185 306 1220 ctum
343 1192 368 1217 a
399 1175 636 1217 Corinthiis
679 1175 896 1233 accepisse
934 1175 1089 1233 partim
1130 1181 1294 1217 eertum
1332 1180 1423 1228 est,
1481 1172 1636 1231 partim

186 1243 435 1287 verisimile.

355 1309 701 1354 Acarnaniei
733 1318 833 1352 sunt
861 1327 928 1352 nr.
962 1311 1088 1365 1793,
1119 1327 1158 1352 a.
1178 1310 1222 1352 b.
1249 1325 1306 1364 c.,
1338 1309 1508 1350 decreta
1535 1323 1635 1350 eon·

189 1380 278 1423 eilii
309 1379 583 1421 Acarnanum
613 1378 658 1418 in
688 1378 847 1436 templo
868 1378 1089 1435 Apollinis
1112 1378 1231 1420 Actii
1258 1393 1345 1418 non
1381 1376 1512 1417 multo
1538 1381 1638 1432 post

191 1449 264 1491 Ol.
299 1448 380 1490 140
418 1446 636 1489 Boeckhio
670 1445 818 1501 judice
858 1446 1021 1503 posita3
1077 1462 1144 1487 nr.
1180 1446 1287 1488 1794
1327 1444 1373 1486 in
1411 1441 1636 1493 Anactorii

189 1531 291 1572 agro
321 1522 544 1573 repertus,
577 1530 712 1572 pauca
741 1514 869 1555 vex-ha
899 1513 1139 1555 continens.

358 1581 675 1624 Ambracici
704 1598 771 1622 nr.
797 1582 1073 1624 1797—1800
1102 1581 1212 1623 nihil
1241 1581 1329 1631 ferre
1361 1578 1447 1621 nisi
1466 1577 1639 1621 nomina

189 1650 364 1711 propria
393 1650 671 1704 exhibentes,
713 1665 896 1707 quorum
926 1665 991 1690 nr.
1030 1650 1136 1692 1798
1166 1656 1208 1691 ct
1240 1648 1347 1691 1800
1375 1647 1636 1689 recentiores

190 1728 304 1761 sunt.

365 1783 692 1841 Corcyraei:
736 1799 803 1824 nr.
835 1782 890 1825 ‘20
920 1783 1202 1841 fragmentum
1233 1783 1429 1840 antiquae
1457 1781 1637 1839 scriptu-

191 1871 288 1908 rae,
335 1871 400 1894 nr.
435 1853 543 1895 ’1838
570 1851 772 1900 mutilus,
807 1866 934 1907 quem
964 1868 1095 1908 quum
1126 1851 1370 1893 Boeckhius
1401 1865 1487 1890 non
1517 1848 1637 1890 valde

195 1921 416 1977 antiquum
446 1935 540 1961 csse
571 1919 709 1971 dicat,
741 1918 854 1958 tertii
886 1926 1022 1959 tamen
1053 1935 1090 1960 a.
1115 1919 1218 1960 Chr.
1251 1917 1407 1958 saeculi
1439 1932 1532 1958 esse
1563 1932 1638 1974 pu-

195 1989 398 2040 tzucrimz,
444 2003 510 2027 nr.
546 1986 652 2028 1830
692 1986 975 2041 fragmentum
1015 1985 1175 2027 decreti
1205 1986 1255 2026 ad
1287 2000 1474 2042 pugnam
1505 2000 1637 2041 quan-

194 2056 288 2098 dam
318 2054 510 2095 navalem
542 2053 822 2110 pertinentis,
854 2068 919 2093 nr.
948 2052 1055 2095 1840
1085 2053 1265 2094 dialecto
1295 2052 1473 2093 docente
1504 2051 1639 2093 bonae

195 2123 341 2165 aetatis
375 2121 404 2162 i.
437 2138 473 2162 e.
509 2121 647 2178 quarti
688 2136 724 2161 3.
760 2119 863 2160 Chr.
906 2120 1091 2175 saeculi,
1136 2137 1201 2161 nr.
1238 2119 1529 2163 1841-1844
1568 2117 1638 2160 (lc-

198 2198 310 2233 crcta
341 2189 391 2230 de
423 2188 628 2246 proxcnia
658 2187 770 2228 circa
803 2186 875 2227 01.
910 2188 988 2229 140
1028 2188 1212 2245 scripta,
1259 2187 1416 2244 optime
1447 2193 1637 2240 servatag

196 2275 263 2300 nr.
298 2257 433 2309 1545,
479 2271 586 2311 quac
628 2254 852 2311 inscriptio
894 2255 1034 2308 tertii,
1080 2256 1165 2296 nisi
1205 2256 1353 2310 fallor,
1397 2254 1558 2296 saeculi
1599 2261 1642 2296 ct

197 2325 327 2383 ampli
367 2323 548 2365 ambitus
591 2322 702 2363 inter
740 2321 988 2378 gravissima
1018 2323 1194 2364 Doridis
1228 2323 1480 2365 documenta
1509 2327 1639 2375 esset,

198 2394 234 2434 si
266 2390 502 2434 accuratius
535 2389 746 2448 descripta
774 2397 1016 2445 tenerctur3
1058 2407 1122 2432 nr.
1161 2390 1449 2434 187'16—1850
1477 2388 1641 2430 brevio-

196 2477 264 2503 res
293 2460 361 2501 vcl
391 2457 585 2500 mutilati.

309 2527 354 2578 0)
414 2525 648 2568 sleiliae
688 2525 799 2566 tituli
843 2525 992 2567 Dorici
1032 2525 1077 2567 hi
1116 2526 1279 2585 aliquid
1318 2525 1455 2583 frugis
1486 2541 1641 2584 suppe-

201 2595 411 2637 ditarunt:

368 2662 793 2720 Syracusanus,
852 2668 1020 2718 praeter
1062 2663 1277 2719 antiquam
1320 2660 1643 2717 inscriptionem

202 2731 245 2772 in
287 2730 405 2786 galea
438 2730 641 2773 llicronis
676 2730 726 2771 C.
762 2729 795 2770 1.
840 2744 905 2770 nr.
944 2729 1018 2783 10,
1065 2731 1215 2772 unicus
1254 2730 1294 2770 in
1332 2729 1644 2770 Torrcmuzzae
