1779 3079
243 212 245 215 ⁴
275 199 318 259 §.
352 199 428 249 18.
492 202 566 248 De
589 221 615 246 v
649 199 771 262 apud
793 199 1012 248 Lacones
1038 200 1085 247 in
1113 221 1163 247 ov
1190 209 1386 248 mutato.
1462 200 1557 248 125

113 335 142 375 4
172 349 207 376 s.
241 351 282 377 v.
315 333 442 388 βιύζω
459 366 472 389 ,
520 335 594 376 ubi
623 340 797 392 apparet
822 340 999 391 propter
1028 339 1054 386 β
1084 333 1284 390 dig-ammi
1313 333 1407 376 loeo
1437 350 1556 392 prae-

114 402 245 444 fixum
275 401 461 459 glossam
494 402 746 444 Laconicam
777 400 1011 441 habendam
1043 417 1151 442 esse.

226 474 348 524 ζουγ
362 473 508 524 ὦνερ·
550 469 646 522 βόες
688 467 873 524 ἐργάται·
923 467 1125 516 Λάκωνες
1152 485 1230 526 pro
1261 473 1429 523 ζυγῶνες
1467 469 1551 512 vid.

113 538 154 591 ξ.
188 538 240 591 8,
270 538 311 579 2.

225 623 247 645 κ
262 623 286 645 α
298 623 325 657 μ
340 622 367 644 π
381 621 401 646 ο
414 603 434 644 ὑ
448 609 466 644 λ
480 622 504 653 η
518 621 539 656 ρ
552 637 564 653 ‚
601 604 738 650 ἐλαίας
766 602 871 652 ῡῖὂος
883 615 892 624 ·
924 603 1126 651 Λάκωνες
1151 604 1207 645 cf.
1240 604 1462 655 καμπύλος.

227 689 249 712 κ
263 671 321 725 άρ
336 688 355 713 o
369 688 390 712 υ
405 689 429 712 α
443 703 455 725 ,
487 670 620 723 κάρυα
635 682 644 691 ·
677 669 891 719 Λάκωνες,

226 738 458 780 κουτάλα
488 753 564 794 pro
603 737 778 788 σκυτάλη
811 738 880 780 Et.
911 737 1009 780 MS.
1043 739 1140 780 Par.
1182 738 1267 779 vid.
1300 737 1341 792 ξ.
1376 739 1452 793 15,
1486 741 1526 781 3.

225 823 284 859 μο
300 805 438 857 ύϊαι,
496 804 701 855 σκώληκες
749 809 787 847 οἱ
824 806 1030 859 γενόμενοι
1069 807 1110 847 ἐν
1145 807 1230 854 τοῖς
1268 807 1437 857 κρέασιν
1476 824 1555 866 pro

111 874 240 926 μυῖαι.

223 957 352 993 μουκ
370 939 635 993 ηροβαγός
661 940 876 982 Laconico
905 956 984 999 pro
1014 940 1347 997 καρυοκατάκτης
1376 957 1398 981 a
1427 940 1556 993 μύκη-

113 1025 189 1061 ρος·
215 1008 451 1050 secundum
480 1008 754 1066 Pamphilum
781 1008 866 1050 vid.
901 1009 942 1062 ξ.
976 1010 1024 1061 5,
1057 1010 1098 1050 4.

222 1078 466 1128 μουκίζει
497 1103 548 1109 --
578 1077 775 1129 μέμφεται
801 1077 887 1124 τοῖς
916 1078 1114 1130 χείλεσιν,
1147 1077 1198 1118 cf.
1233 1075 1359 1129 μύζω.

223 1160 281 1196 μο
294 1160 348 1184 υκ
362 1161 418 1192 τη
434 1161 457 1196 ρ
471 1146 521 1195 ιᾷ
536 1177 545 1192 ,
583 1142 896 1197 σκαρδαμύττει,
929 1144 984 1185 ef.
1016 1146 1262 1198 μυκτηρίζω.

222 1209 452 1264 μούσαξ,
503 1212 523 1252 ὁ
567 1210 644 1252 ὑπὸ
684 1213 758 1252 τοῦ
794 1213 900 1264 βοᾷν
928 1211 1172 1266 τρεφόμενος
1201 1227 1280 1269 pro
1309 1210 1447 1264 μύθαξ
1475 1211 1556 1253 La-

113 1278 262 1320 coniee
290 1277 376 1320 vid.
409 1279 450 1331 ξ.
483 1278 535 1333 7,
567 1279 608 1320 2.

222 1346 529 1399 μουσίὸδει,
569 1348 682 1388 λαλεῖ
705 1362 783 1405 pro
813 1347 974 1399 μυθίζει
1003 1345 1089 1389 vid.
1121 1345 1227 1387 ibid.
1260 1352 1301 1387 et
1331 1345 1371 1399 ξ.
1406 1347 1484 1400 12,
1514 1347 1555 1389 3.

222 1413 483 1468 μούρκορ,
515 1417 669 1466 μῦσος·
704 1418 742 1456 οἱ
773 1414 886 1457 αὐτοί
911 1431 991 1474 pro
1021 1414 1176 1468 μύσκος
1204 1413 1289 1456 vid.
1322 1414 1364 1467 ξ.
1395 1414 1447 1467 8,
1480 1414 1519 1456 3.

223 1480 469 1534 ούδραία,
502 1483 667 1537 ὑδρεία,
699 1482 843 1536 μέτρον
871 1501 934 1533 τι,
966 1482 1161 1524 Ἀττικοῦ
1189 1485 1385 1536 μετρητοῦ
1414 1482 1555 1535 ἥμισυ.

224 1548 348 1600 οὗὸρ
364 1549 528 1601 αἴνει,
560 1551 872 1606 περικαθαίρει·
903 1550 1102 1598 Λάκωνες
1130 1550 1159 1591 ἰ.
1193 1565 1229 1591 e.
1262 1549 1456 1603 ὑδραιίἐι.

227 1615 319 1669 οὖμ
334 1633 358 1655 α
371 1617 408 1665 ι’,
439 1616 639 1670 ὑμέτεραι.

225 1701 245 1726 ο
261 1682 425 1736 ὐφίὸρ
441 1700 571 1735 ωμα,
604 1687 677 1725 τοῦ
708 1684 911 1739 σάγματος·
939 1685 965 1734 ἦ
994 1682 1098 1737 πρὸς
1126 1687 1176 1741 τῇ
1204 1686 1356 1737 πλευρᾷ
1378 1684 1558 1738 διφθέρα

111 1766 190 1809 pro
220 1752 438 1805 ὖφίὸρωμα
467 1767 561 1798 esse
589 1751 758 1794 videtur
785 1752 815 1794 i.
848 1768 886 1793 e.
918 1751 1034 1810 quod
1063 1751 1262 1793 sudorem
1290 1751 1464 1809 exeipit.

221 1820 592 1873 παρσουλακίρ
625 1835 647 1860 a
677 1819 858 1867 θύλακος
886 1818 972 1861 vid.
1007 1818 1049 1872 ξ.
1080 1819 1132 1872 7,
1162 1820 1206 1863 2.

223 1904 252 1926 π
267 1885 452 1927 ούανοι
468 1917 481 1940 ,
515 1885 667 1939 κύαμοι
697 1888 825 1940 ἑφθοί
849 1902 929 1945 pro
959 1886 1122 1928 πύανοι.

221 1953 464 2007 πούμμα,
497 1955 522 2003 ἦ
553 1956 626 2003 τῆς
654 1954 793 2010 χειρὸς
821 1953 953 2008 πυγμή
983 1953 1070 1996 vid.
1102 1953 1142 2007 ξ.
1176 1954 1254 2009 13,
1286 1954 1324 1996 4.

221 2020 554 2071 πουνιάζειν,
601 2024 806 2071 παιδικοῖς
846 2025 1056 2078 χρῆσθαι·
1103 2020 1268 2063 πούνιον
1306 2020 1383 2076 γὰρ
1426 2022 1447 2063 ὅ
1488 2022 1559 2062 δα-

112 2088 270 2137 κτύλιος
313 2089 369 2130 cf.
411 2088 672 2143 πυννιάζειν,
717 2091 920 2145 περαίνειν
960 2090 1016 2137 ὥς
1047 2088 1251 2144 ἇρραίνειν
1288 2096 1330 2131 et
1358 2088 1507 2138 πύννος
1537 2090 1558 2131 ὁ

114 2155 299 2207 τρώκτης
328 2155 413 2213 leg.
447 2156 646 2208 πρωκτός.

224 2224 569 2276 πουρὸαίϊον,
621 2225 872 2278 μαγειρεῖον’
929 2223 1129 2272 Λάκωνες
1172 2239 1249 2282 pro
1290 2225 1559 2280 πυροὸαίσιον

112 2289 199 2332 vid.
232 2290 273 2344 ξ.
304 2291 357 2344 9,
387 2291 428 2332 4.

226 2375 254 2397 π
265 2374 284 2399 ο
298 2356 320 2397 ύ
334 2374 356 2411 ρ
368 2375 388 2397 τ
400 2375 424 2398 α
436 2374 458 2397 κ
472 2375 492 2398 ο
506 2375 526 2405 ς
553 2366 595 2399 et
623 2358 860 2400 secundum
882 2358 1216 2416 Aristophanem
1235 2356 1557 2414 grammaticum

110 2424 343 2472 πούστακος
364 2425 579 2466 Laconica
602 2442 680 2483 pro
701 2426 924 2476 πύστακος,
955 2425 1172 2473 πὺσσακος
1196 2425 1282 2467 vid.
1301 2425 1341 2478 ξ.
1359 2425 1386 2467 8
1407 2430 1496 2465 not.
1515 2424 1555 2467 3.

224 2492 516 2542 σεκουάνα,
563 2493 684 2534 σικύα
715 2501 757 2535 et
787 2493 1079 2547 σεκουάνη,
1123 2494 1260 2541 ἐλαίας
1292 2492 1424 2539 εἶδος·
1462 2491 1557 2532 Λά-

112 2576 238 2608 κωνες
264 2559 350 2601 vid.
384 2562 424 2614 ξ.
461 2561 538 2613 17,
570 2561 610 2601 3.

222 2627 499 2677 σούκινος,
534 2628 554 2668 ὁ
586 2626 773 2681 εὐνοῦχος
802 2643 878 2684 pro
910 2626 1090 2675 σύκινος.

224 2710 247 2734 σ
261 2713 280 2735 ο
294 2711 315 2734 υ
329 2713 346 2734 ν
360 2711 376 2734 ε
387 2712 413 2733 π
425 2711 445 2734 τ
458 2698 483 2735 ἅ
496 2711 520 2735 σ
531 2701 561 2736 θ
576 2714 599 2735 α
612 2713 626 2735 ι
666 2694 911 2750 (corrigunt
957 2696 1202 2736 συνέπεσθαι
1217 2696 1229 2741 )
1243 2726 1255 2742 ,
1307 2695 1554 2733 συνακολου-

111 2763 259 2810 θῆσαι.
855 2755 857 2757 ¹
