1779 3079
225 195 325 245 248
703 196 776 242 De
816 194 1197 258 pronominibus.

227 333 387 375 formae
442 332 557 391 apud
597 331 833 374 Dorienses
880 340 980 375 sunt
1025 330 1315 387 ἕγώνγαῖ),
1374 347 1482 389 quae
1524 330 1684 387 legitur

227 400 372 442 Alcm.
408 400 463 443 34
493 399 611 453 (65),
657 400 843 458 Lysistr.
874 400 972 443 986.
1004 400 1112 454 990,
1145 401 1336 441 Aeharn.
1370 399 1466 442 702.
1501 399 1609 452 731,
1640 405 1682 440 et

228 467 391 522 ἐγώνη
414 470 475 520 3),
523 484 632 526 quae
672 484 725 510 ex
767 468 1107 510 accuratioribus
1150 467 1524 525 grammaticorum
1562 466 1682 508 testi-

227 535 387 578 moniis
418 536 640 578 Laeonum
673 536 946 594 potissimum
979 544 1068 578 erat
1097 544 1139 578 et
1168 535 1532 588 Tarentinorum,
1565 549 1682 576 nune

227 619 442 662 nusquam
471 603 648 662 legitur.

342 671 567 714 Secundae
608 687 818 730 personae
862 671 1154 714 nominativus
1196 672 1310 729 apud
1341 671 1579 714 Dorienses
1618 676 1685 712 est

227 738 281 780 τύ
303 741 366 793 ⁴¹),
409 740 486 798 qui
517 739 679 798 legitur
709 739 898 796 Lysistr.
934 740 1072 793 1192,
1119 740 1274 798 Epich.
1307 740 1373 782 18.
1406 739 1477 781 20.
1507 738 1578 781 94.
1609 736 1680 780 95.

229 806 311 849 154
348 812 430 848 etc.
507 807 709 863 Augetur
747 807 792 848 in
837 807 965 861 τύχα
987 809 1048 861 5),
1109 823 1195 865 quo
1234 808 1370 849 utitur
1407 807 1526 850 Laco
1569 804 1684 863 apud

227 873 449 925 Plutarch.
499 875 654 932 Pyrrh.
709 889 748 915 c.
789 874 874 926 26,
933 873 1022 928 11'27’
1069 873 1225 931 Epich.
1275 875 1371 916 125.
1419 874 1526 927 130,
1583 872 1683 926 τύγα

227 941 417 984 Theoer.
451 941 509 996 V,
541 942 611 985 89.
644 943 696 984 71
732 949 774 983 et
804 941 999 983 Timocr.
1035 943 1086 996 1,
1127 942 1203 983 ubi
1230 942 1335 984 libri
1363 941 1479 996 τύγε,
1527 940 1683 982 deinde

227 1009 269 1049 in
310 1008 434 1058 τύνη
458 1011 519 1063 5),
566 1025 653 1068 quo
685 1008 813 1052 Chilo
853 1010 990 1052 utitur
1018 1011 1272 1058 Λακωνίσας
1308 1009 1423 1068 apud
1459 1009 1680 1051 Plutarch.

229 1075 367 1118 Conv.
401 1075 523 1135 Sept.
560 1076 661 1135 Sap.
692 1093 735 1135 p.
771 1077 866 1128 150,
898 1077 965 1131 A,
998 1078 1200 1136 quodque
1230 1078 1517 1120 recentiorum
1549 1076 1684 1118 Laco-

226 1158 330 1184 num
361 1159 478 1186 more
509 1144 626 1202 apud
650 1144 916 1202 Hesychium
947 1145 1110 1203 legitur
1138 1145 1322 1196 τούνη,
1357 1145 1431 1187 σύ·
1463 1144 1681 1192 Λάκωνες.

337 1211 383 1262 2)
457 1211 763 1255 Genitivus
820 1213 1143 1270 singularis
1197 1214 1429 1256 formarum
1481 1212 1684 1254 varietate

225 1277 417 1336 insignis
449 1286 543 1333 est,
575 1295 684 1337 quae
717 1279 817 1321 inde
848 1280 1062 1339 originem
1096 1281 1249 1336 habet,
1283 1281 1400 1339 quod
1432 1281 1558 1324 modo
1590 1299 1610 1330 ς
1638 1279 1683 1321 in

224 1346 311 1388 fine
342 1346 546 1402 additur,
578 1347 705 1389 modo
737 1348 974 1399 omittitur,
1009 1349 1163 1391 deinde
1194 1349 1311 1408 quod
1340 1349 1510 1392 vocales
1543 1365 1583 1390 εο
1614 1355 1686 1389 aut

225 1429 312 1456 non
344 1416 656 1457 contrahuntur
684 1421 758 1456 aut
786 1416 918 1459 variis
947 1417 1188 1460 rationibus
1219 1418 1483 1460 coalescunt.

337 1482 379 1540 a)
439 1482 510 1525 Ad
540 1482 720 1541 primam
751 1499 978 1541 personam
1008 1486 1087 1528 hae
1117 1485 1280 1528 formae
1309 1486 1424 1543 apud
1443 1483 1683 1527 Dorienses

224 1549 468 1608 pertinent:

337 1619 484 1671 ἕμεός
522 1619 733 1662 Doricum
784 1620 896 1678 apud
943 1620 1250 1679 Epieharmum
1295 1628 1406 1664 teste
1444 1619 1684 1677 Apollonio

224 1702 268 1744 p.
300 1685 371 1729 95.
403 1686 461 1728 A.

275 1906 311 1946 2)
362 1905 538 1949 Apollou.
572 1910 624 1941 64.
652 1908 702 1948 Β,
744 1909 910 1942 Eustath.
944 1911 1034 1950 695,
1071 1911 1114 1943 26
1150 1917 1185 1942 et
1220 1909 1279 1941 Et.
1318 1908 1367 1941 M.
1395 1909 1484 1949 315,
1514 1909 1576 1947 17,
1620 1904 1680 1937 ubi

227 1970 398 1995 accurate
424 1962 470 1995 de
493 1972 645 1997 accentu
675 1974 712 1998 et
738 1965 784 1998 de
808 1979 826 1998 ν
851 1977 921 1999 non
949 1974 1085 2000 mutato
1116 1966 1327 2008 exponitur.

273 2020 310 2057 3)
360 2019 521 2064 Hesycb.
563 2021 687 2065 ε’γώνη,
731 2022 814 2064 ἐγώ·
854 2022 1013 2060 Λάκωνες
1090 2023 1266 2066 Aponon.
1309 2022 1354 2055 de
1391 2024 1481 2064 conj?
1522 2022 1614 2061 524,
1649 2021 1680 2053 4.

226 2074 297 2109 ἀπὸ
319 2079 380 2108 τοῦ
405 2075 488 2119 ἐγὼν
511 2077 551 2111 τὸ
577 2078 681 2123 ἐγώνη
705 2079 804 2125 παρὰ
835 2081 1066 2126 Ταραντίνοις.
1133 2080 1309 2113 Doricum
1349 2079 1474 2113 dicunt
1507 2077 1680 2123 Apollon.

226 2132 272 2166 de
300 2144 404 2177 pron.
432 2136 488 2169 64.
516 2135 567 2178 B,
596 2136 653 2169 Et.
684 2137 733 2169 M.
762 2139 850 2176 314,
879 2140 944 2179 44,
979 2139 1067 2171 Anu.
1097 2139 1196 2171 Oxx.
1227 2138 1262 2179 1,
1296 2140 1376 2178 150,
1409 2140 1445 2171 11
1475 2156 1514 2163 -
1547 2137 1623 2178 162,
1648 2137 1682 2176 5,

225 2191 393 2225 Eustath.
420 2193 509 2233 641,
535 2193 599 2234 55,
637 2194 763 2228 Tzetz.
794 2195 837 2228 ad
867 2194 1017 2228 Hesiod.
1047 2198 1143 2240 opp.
1174 2199 1215 2229 10
1242 2204 1309 2229 etc.

270 2250 307 2290 4)
358 2250 520 2294 Apollon
560 2253 615 2285 63.
645 2252 697 2293 Β,
725 2253 786 2293 qni
816 2264 957 2286 versum
986 2254 1114 2294 affort,
1142 2265 1248 2296 quem
1283 2253 1447 2286 Alcmani
1476 2251 1681 2285 vindicavi-

225 2317 302 2340 mus
338 2307 374 2340 in
412 2308 502 2341 Mus.
533 2308 653 2341 Rhen.
694 2310 745 2343 Vl
789 2322 823 2355 p.
852 2313 939 2352 234,
991 2312 1046 2344 Et.
1079 2312 1115 2344 M
1158 2314 1244 2352 314,
1274 2315 1337 2354 49,
1391 2312 1479 2344 Anu.
1513 2313 1612 2344 Oxx.
1652 2310 1681 2351 l,

223 2365 312 2406 412,
339 2367 385 2406 9,
424 2365 607 2399 Priscian.
637 2367 651 2399 1
682 2380 713 2411 Ι».
742 2371 807 2409 30,
847 2368 868 2402 J
907 2369 971 2401 Gr.
1001 2371 1080 2411 213,
1110 2371 1153 2411 b,
1191 2370 1256 2402 Gr.
1285 2370 1324 2403 C.
1356 2371 1419 2405 231
1449 2378 1517 2403 etc.

269 2425 305 2463 5)
358 2423 533 2466 Apollon.
570 2425 703 2462 6813,
755 2426 866 2465 Greg
897 2427 926 2459 C
975 2429 1052 2461 2553.
1121 2428 1217 2460 Male
1256 2427 1290 2460 in
1331 2427 1389 2461 Et.
1429 2427 1477 2461 M.
1513 2427 1597 2466 732,
1636 2427 1681 2460 30

223 2479 402 2514 scribitur
427 2480 538 2522 σιῖγει,
576 2482 649 2514 vid.
682 2483 710 2515 L
737 2483 750 2515 l
782 2485 806 2524 Q
824 2485 867 2516 23
895 2492 953 2517 nol
982 2485 1001 2518 2

269 2540 304 2576 6)
357 2538 534 2571 Doricum
574 2540 711 2572 divitur
748 2540 780 2572 in
809 2541 949 2574 Senon.
990 2543 1031 2574 Α.
1072 2541 1113 2574 ΙΙ.
1143 2540 1178 2580 ἶ,
1205 2543 1272 2576 262
1311 2541 1437 2587 (ἄκρως
1461 2539 1607 2586 Δώριον)
1644 2547 1677 2573 et

224 2608 261 2634 τ,
294 2598 351 2637 ιο,
391 2596 555 2629 Ειιεωιὴ.
584 2600 671 2638 573,
699 2599 766 2637 20,
804 2598 932 2630 'rm-1⁷„
961 2599 1004 2631 aa
1036 2600 1186 2632 uvsfiod.
1211 2601 1308 2644 Opp.
1339 2602 1398 2639 ιο,
1435 2599 1492 2632 Et.
1521 2598 1571 2631 Μ.
1598 2599 1679 2639 31⁴,

223 2654 286 2690 20,
328 2653 437 2686 Drac.
467 2655 550 2694 106,
579 2656 642 2693 21,
687 2656 732 2687 ab
761 2656 951 2699 Hesychio
979 2665 1012 2689 υῑ
1037 2656 1173 2694 suida,
1213 2658 1256 2690 cf.
1285 2657 1458 2701 Apollon.
1493 2655 1539 2689 de
1575 2667 1677 2701 pron.

223 2711 277 2743 69.
306 2710 355 2750 B,
396 2711 456 2743 ubi
497 2712 676 2746 dialecms
712 2721 858 2746 tacetur.
904 2734 935 2740 -
993 2715 1144 2748 Meerm.
1173 2717 1239 2749 659
1264 2714 1329 2757 61¹¹,
1366 2715 1460 2749 τοὶνυ
1494 2714 1565 2758 leg.
1592 2713 1677 2758 τύνη

223 2778 302 2800 cum
333 2768 489 2801 Koenio.
