1779 3079
202 975 395 1018 Index
433 977 724 1030 siglorum
755 981 814 1021 et
843 979 1377 1021 abbreviationum.

150 1290 206 1324 Ad
239 1301 301 1332 ea,
349 1291 485 1334 quibus
519 1292 557 1325 in
586 1292 703 1326 Libro
729 1292 858 1327 Primo
895 1293 949 1326 usi
984 1303 1126 1334 sumus,
1174 1303 1290 1337 pauca
1325 1293 1515 1335 accedunt,

55 1364 150 1398 quae
175 1354 433 1399 explicatione
459 1366 570 1398 egere
597 1356 782 1390 videntur.

147 1436 248 1469 Aer.
300 1435 566 1479 inscriptiones
592 1437 775 1470 Acrenses
803 1436 878 1471 vid.
905 1448 937 1481 p.
969 1439 1020 1471 13.

147 1502 254 1544 Agr.
304 1500 506 1536 Decretum
534 1501 866 1544 Agrigentinorum
894 1500 986 1534 ibid.

145 1565 300 1609 Amph.
351 1565 552 1599 Decretum
578 1564 894 1609 Amphictyonum
920 1564 960 1598 C.
988 1564 1005 1597 1
1051 1575 1104 1597 nr.
1134 1566 1223 1601 1688
1259 1565 1333 1598 vid.
1359 1578 1395 1611 p.
1413 1568 1466 1601 ll.

144 1629 270 1662 Chal.
319 1628 438 1662 Tituli
465 1629 680 1663 Chalienses
708 1628 783 1662 vid.
811 1629 902 1662 ibid.

143 1691 252 1736 Cyr.
305 1691 425 1725 Tituli
451 1692 652 1737 Cyrenaici
679 1692 754 1726 vid.
783 1703 818 1737 p.
847 1695 900 1727 17.

142 1754 243 1788 Gel.
292 1755 492 1789 Decretum
518 1755 734 1790 Gelensium
770 1756 845 1790 vid.
871 1768 906 1801 p.
935 1758 986 1791 13.

140 1819 290 1852 Herm.
343 1819 461 1852 Tituli
489 1819 794 1854 Hermionenses.

139 1880 239 1923 Ign.
263 1882 377 1916 2670
407 1880 483 1915 vid.
520 1893 555 1926 p.
587 1883 640 1916 15.

137 1943 219 1979 Iss.
267 1944 385 1978 Tituli
411 1945 578 1979 Issenses
603 1945 678 1978 vid.
708 1957 744 1990 p.
774 1948 826 1982 13.

137 2006 180 2040 L.
205 2015 268 2042 aut
294 2007 436 2042 Leak.
473 2010 637 2043 numeris
661 2009 830 2044 additum
863 2010 1003 2044 indicat
1029 2009 1292 2055 inscriptiones
1316 2021 1336 2044 a
1361 2010 1507 2045 Leakio

227 2070 267 2104 in
303 2071 465 2105 Morea
501 2079 563 2106 aut
608 2072 645 2106 in
686 2073 874 2108 Itinere
913 2084 994 2118 per
1032 2074 1281 2108 Graeciam
1317 2081 1506 2119 septen-

230 2135 482 2169 trionalem
510 2136 641 2171 editaS.

136 2198 241 2232 Lac.
289 2199 410 2233 Tituli
448 2200 626 2234 Laconici
664 2209 700 2235 et
742 2201 847 2234 Lac.
875 2212 963 2235 rec.
1003 2201 1230 2237 recentiores
1262 2210 1346 2247 post
1382 2213 1412 2236 a.
1439 2204 1506 2237 200

226 2263 372 2307 scripti.

134 2326 307 2370 Megal.
359 2327 476 2362 Tituli
502 2329 827 2374 Megalopolitani.

134 2389 180 2423 R.
209 2396 271 2424 aut
294 2389 422 2424 Ross.
461 2392 623 2426 numeris
649 2392 814 2427 additum
843 2393 984 2428 indicat
1009 2394 1138 2429 titulos
1163 2406 1183 2429 a
1207 2395 1343 2430 Rossio
1368 2395 1404 2429 in
1432 2396 1503 2429 In-

221 2455 585 2500 scriptionibus
623 2457 823 2492 Graecis
858 2459 965 2494 Fasc.
993 2460 1025 2493 1.
1053 2459 1104 2493 ΙΙ.
1140 2468 1176 2495 et
1214 2460 1320 2495 Actis
1354 2460 1502 2494 Acade-

220 2516 316 2551 miae
344 2518 602 2558 Monacensis,
639 2519 714 2555 vid.
741 2531 777 2564 p.
808 2522 868 2563 15,
905 2521 1039 2557 editos.

129 2580 239 2624 Teg.
290 2580 410 2616 Tituli
437 2581 656 2625 Tegeatici‚
708 2589 744 2617 et
770 2583 878 2627 Teg.
905 2584 950 2619 H.
977 2584 1021 2618 L.
1048 2584 1082 2619 is
1106 2595 1214 2627 quem
1239 2584 1394 2619 Rossius
1420 2585 1501 2619 edi-

222 2645 277 2680 dit
302 2645 341 2679 in
366 2645 680 2690 Ephemeridibus
706 2647 930 2682 Halensibus
957 2649 1030 2684 vid.
1059 2661 1094 2693 p.
1121 2651 1154 2685 9.

127 2725 167 2760 Si
194 2737 265 2769 qua
297 2733 494 2771 praeterea
528 2726 686 2762 obscura
718 2728 930 2769 videantur,
975 2740 1103 2764 eorum
1134 2737 1352 2775 potestatem
1386 2732 1499 2767 facile

37 2799 58 2822 e
89 2789 117 2832 §-
143 2791 165 2824 2
198 2800 416 2834 cognosces.
473 2790 649 2835 Numeri,
692 2791 828 2834 quibus
853 2791 949 2826 nihil
975 2792 1140 2830 additum
1167 2800 1239 2837 est,
1283 2793 1327 2827 ad
1355 2794 1498 2839 Corpus
