1779 3079
471 237 546 285 Ad
584 238 798 285 Librum
834 238 1073 286 Primum.
1400 238 1499 287 549

47 373 173 431 prius
216 371 414 425 omisso,
472 372 518 412 in
571 371 818 413 nominibus
874 372 1065 429 propriis
1108 371 1270 414 diutius
1314 380 1495 422 retento,

49 455 294 497 quanquam
342 439 510 481 duobus
564 447 727 480 tantum
781 439 991 496 exemplis
1046 439 1275 495 innititur,
1335 457 1402 482 nr.
1447 441 1499 482 16

47 512 300 548 HIAPON
331 512 366 547 O
396 511 866 549 AEINOJIENEOE
899 515 941 548 et
971 523 1035 548 nr.
1069 508 1121 549 12
1157 513 1505 550 OOHEPMEE

47 574 80 616 i.
113 590 152 616 c.
187 573 262 616 ὅθ’
291 576 471 628 (Ερμῆς.
532 576 682 632 Itaque
712 574 1017 616 lubentissime
1049 575 1088 616 ci
1117 583 1345 634 praecepto
1375 576 1497 618 ohsc-

48 641 237 700 quimur.
298 643 533 685 Profitctur
552 643 608 683 V.
634 642 721 695 D.,
764 642 801 682 si
829 640 1088 695 ἨρΓαοιόις
1117 659 1271 700 aspero
1301 651 1497 686 ornatum

48 717 187 760 esset,
220 725 528 752 concessurum
559 726 630 763 sc,
672 710 902 751 articulum
932 725 1104 766 quoque
1136 726 1232 752 cum
1263 727 1414 769 aspero
1444 712 1497 753 ab

46 777 171 820 Eleis
214 777 537 835 pronuntiatum
581 794 692 820 esse.
785 779 846 818 At
891 777 1103 834 largimur
1145 778 1216 830 ci,
1273 778 1498 832 Ἰίρίνάᾦοι

47 860 200 903 aspero
238 845 430 887 caruisse
469 846 583 902 apud
618 846 783 899 Eleos,
842 845 1056 887 recentior
1088 846 1203 887 enim
1237 846 1498 888 Graecorum

44 913 199 971 lingua
253 913 507 971 saepissime
553 913 711 955 initiali
757 932 779 963 η
829 928 1029 970 asperum
1077 913 1307 970 apposuit,
1367 922 1413 955 ut·
1453 914 1499 955 in

47 982 249 1034 ἡγέομαι,
294 983 456 1036 ἧμὲρα,
503 982 617 1033 ἡμεῖς
661 982 749 1023 vid.
799 983 838 1034 ξ.
873 983 927 1034 4,
957 982 997 1023 6.
1032 982 1089 1035 9,
1138 981 1278 1031 ἥσσων
1309 982 1366 1023 cf.
1401 978 1496 1031 ἧκα,

46 1047 150 1102 ἧμαι
180 1050 252 1102 (ex
280 1050 467 1102 ἡσ-μαι)
498 1050 553 1090 cf.
590 1048 765 1091 Sanscr.
799 1059 860 1091 as.
947 1048 1041 1090 Nec
1083 1049 1230 1090 minus
1274 1049 1499 1107 probabile

48 1123 115 1158 cst
145 1115 288 1158 ἑκατόν
318 1125 360 1159 et
389 1117 502 1175 apud
532 1117 666 1159 Eleos
698 1124 739 1158 ct
778 1117 822 1157 in
860 1116 1028 1174 reliqua
1063 1118 1207 1173 prisca
1249 1118 1399 1173 lingua
1438 1118 1498 1159 lc-

46 1199 146 1225 nem
175 1184 406 1240 habuisse,
466 1201 562 1226 nam
596 1185 632 1226 si
664 1185 859 1226 conferas
892 1184 1068 1225 Sanscr.
1102 1190 1229 1238 cala,
1278 1185 1376 1225 Lat.
1409 1200 1498 1226 cen-

47 1256 164 1302 tum,
210 1251 357 1294 Germ.
390 1254 634 1302 hund-ert,
681 1252 753 1293 vix
784 1252 962 1293 dubium
992 1253 1193 1305 videtur,
1239 1253 1345 1309 quin
1378 1269 1394 1293 ε
1426 1268 1498 1293 cu-

17 1319 234 1376 ⁴phonicc
273 1321 564 1378 praepositum
610 1321 680 1362 sit.
770 1320 880 1362 Nam
921 1319 958 1360 si
997 1336 1079 1362 vox
1120 1337 1216 1361 eum
1258 1323 1321 1369 ἕν,
1383 1319 1500 1378 quod

45 1387 249 1429 nonnulli
277 1389 537 1442 volucrunt,
583 1389 819 1445 composita
850 1394 993 1441 esset,
1046 1388 1182 1445 prima
1213 1387 1377 1444 syllaba
1407 1403 1499 1428 cor-

46 1455 133 1512 ripi
173 1471 260 1496 non
298 1465 480 1514 poterat.
572 1456 724 1498 Restat
763 1456 897 1512 igitur
926 1455 1081 1497 unicus
1112 1456 1322 1497 articulus
1355 1456 1407 1504 ἁ,
1455 1456 1499 1495 in

48 1539 134 1580 quo
165 1524 307 1581 asperi
349 1524 521 1581 sig-num
552 1524 692 1566 omitti
731 1524 926 1581 potuisse
965 1524 1058 1581 ipsc
1092 1524 1304 1565 Franzius
1336 1522 1497 1564 docuit.

47 1591 304 1633 Tenucrunt
345 1600 483 1634 autem
524 1593 569 1634 in
601 1592 781 1633 articulo
812 1607 1010 1649 asperum
1049 1591 1154 1632 adeo
1185 1590 1337 1631 Lesbii
1370 1596 1500 1645 ψιλω-

47 1661 168 1700 τικοί.
202 1683 254 1688 —
314 1659 412 1701 Non
443 1661 581 1717 magis
610 1660 794 1701 Franzio
825 1659 1145 1718 persuasimus,
1187 1658 1347 1699 rectius
1376 1662 1431 1710 τῷ
1459 1666 1501 1700 ct

47 1730 99 1779 τᾷ
127 1728 216 1786 legi
247 1744 373 1786 quam
402 1731 472 1769 τοῖ·
503 1736 544 1770 ct
573 1730 668 1777 w‘l',
728 1744 870 1784 neque
902 1735 1042 1768 tamen
1075 1734 1324 1784 argumenta
1354 1733 1500 1767 nostra

47 1796 282 1850 refutavit,
340 1796 446 1836 duas
478 1803 591 1836 ccl-tc
623 1812 692 1837 res
725 1796 1017 1836 demonstrare
1049 1795 1261 1849 debebat,
1315 1794 1499 1852 primum

49 1863 164 1905 ullos
194 1864 455 1905 Graecorum
491 1863 682 1921 exceptis
713 1863 874 1904 Atticis
908 1862 1244 1904 demonstrativo
1282 1862 1367 1903 iota
1399 1877 1500 1903 usos

48 1947 176 1985 csse,
236 1932 393 1974 deinde
440 1932 559 1988 ipsos
599 1931 770 1972 Atticos
817 1947 1006 1988 unquam
1049 1931 1245 1972 brevium
1285 1930 1498 1971 vocalium

47 2007 147 2041 ante
177 2000 288 2041 illud
318 1999 402 2041 iota
436 1999 620 2040 elisione
651 1998 933 2039 abstinuisse.
990 1998 1193 2040 Ceterum
1226 1998 1408 2040 cundem
1438 2014 1500 2038 ar-

47 2067 171 2108 ticuli
210 2082 336 2108 usum
373 2083 451 2125 pro
484 2067 551 2107 ὅδε
590 2083 705 2107 nunc
744 2067 788 2106 in
819 2066 1040 2107 Boeoticis
1070 2065 1207 2108 titulis
1239 2066 1500 2107 demonstra-

48 2135 189 2176 vimus
216 2134 306 2175 vid.
340 2151 467 2192 supra
495 2134 700 2175 Addend.
733 2134 785 2174 ad
815 2151 857 2191 p.
887 2134 982 2175 178.
1016 2158 1069 2164 —
1136 2133 1319 2175 lnsolita
1348 2133 1500 2175 verbo-

50 2218 144 2244 rum
184 2204 246 2242 τοὶ
283 2201 552 2254 καὸαὶηὶμενοι
592 2202 851 2253 collocatio,
902 2218 1029 2259 quam
1070 2201 1284 2258 vituperat
1320 2199 1377 2240 V.
1419 2200 1498 2252 D.‚

49 2286 136 2312 non
176 2269 300 2311 latuit
341 2286 448 2322 noS,
506 2270 582 2311 scd
611 2271 840 2311 maluimus
874 2271 983 2310 hanc
1013 2270 1223 2320 tolerare,
1275 2283 1400 2323 quam
1432 2282 1498 2319 ea,

51 2354 162 2396 quae
191 2336 371 2378 lectioni
400 2340 454 2388 τῷ
483 2339 743 2389 καὸ“αλημ.<ἰιῳ
774 2338 1069 2379 adversantur.
1114 2336 1319 2376 Fortasse
1349 2334 1498 2391 lapici-

51 2406 130 2459 da,
162 2421 292 2463 quum
324 2420 393 2445 cas
422 2420 551 2446 voces
587 2420 664 2445 suo
694 2405 789 2447 loco
820 2420 993 2446 exarare
1024 2402 1312 2459 neglexisset,
1353 2402 1499 2443 minus

50 2479 190 2531 aptam
229 2471 555 2514 collocationem
594 2472 779 2514 admisit.
821 2497 872 2502 —
946 2471 1127 2512 Minime
1168 2469 1409 2528 probabilia
1439 2470 1495 2511 V.

50 2540 110 2582 D.
145 2540 335 2597 disputat
365 2540 409 2580 in
441 2539 713 2582 Bocclzhiana
744 2542 931 2582 lectione
963 2537 1244 2591 Zazyecdpoerov
1265 2537 1497 2579 defenden-

51 2609 120 2650 da.
181 2608 270 2649 Vix
301 2607 565 2660 dubitamus,
599 2607 705 2665 quin
736 2607 855 2665 ipsc,
887 2623 970 2663 qua
998 2613 1063 2647 est
1091 2605 1363 2653 sinceritate,
1397 2620 1497 2646 con-

51 2677 247 2718 sessurus
287 2675 372 2727 sit,
420 2675 674 2732 diphthongi
711 2691 752 2715 w
790 2674 1069 2716 mutationem
1110 2673 1154 2713 in
1189 2688 1223 2712 ει
1255 2688 1397 2728 neque
1428 2672 1499 2713 de-

53 2744 159 2785 creti
198 2744 243 2785 in
274 2743 550 2784 Timotheum
593 2742 777 2799 pessima
809 2741 1058 2783 auctoritate
1077 2772 1089 2793 ,
1146 2755 1286 2796 neque
1315 2740 1498 2780 Laconi-

54 2826 200 2852 corum
233 2810 455 2852 nominum
486 2809 691 2863 Σειμήόης
720 2826 797 2866 pro
825 2808 1040 2862 Θεομὴὃης
1061 2814 1142 2850 etc.
1176 2807 1282 2858 (vid,
1303 2807 1346 2861 ξ.
1364 2805 1436 2861 26,
1455 2806 1499 2859 5)
