1779 3079
543 197 619 244 Ad
651 197 863 245 Librum
899 199 1190 247 Secundum.
1497 201 1596 251 563

143 330 290 384 νομεῦς
329 332 386 374 cf.
417 331 579 374 Jacobs
617 332 735 375 Nott.
771 331 897 374 Critt.
942 350 985 391 p.
1017 334 1114 377 418.
1205 335 1271 377 Eo
1301 350 1402 379 vero
1432 337 1595 392 majore

135 399 238 454 jure
268 407 498 457 utrumque
527 399 828 456 homonymiae
859 417 996 457 genus
1029 410 1299 459 comparatur
1317 433 1329 457 ,
1372 404 1488 461 quod
1518 421 1594 446 no·

141 467 257 509 mina
291 468 338 508 in
369 471 469 517 κλῆς
508 469 623 526 apud
654 468 887 510 Homerum
921 476 962 510 et
992 469 1036 509 iu
1071 469 1276 513 Boeotica
1306 472 1490 513 dialecto
1523 472 1594 514 de-

142 535 377 578 clinatione
414 536 663 577 nominihus
703 536 747 576 in
780 550 844 583 ευς
883 536 1102 578 simillima
1143 546 1272 591 sunt,
1322 540 1596 598 quemadmo-

143 601 242 643 dum
272 603 518 657 Ἶίρακλῆος
558 611 600 644 01
628 603 833 644 Boeoticc
863 606 1082 652 Αιοκλεῖος
1122 612 1169 646 ut
1208 609 1423 656 Θεσπιεῖος
1461 624 1484 650 a
1521 613 1598 651 Θε-

145 670 299 719 σπιεὺς.
350 670 606 728 Quanquam
637 669 722 727 ipsi
753 670 1010 712 nominativi
1042 688 1262 730 nunquam
1294 673 1340 715 in
1371 675 1486 723 κλεύς
1515 683 1596 718 ter-

140 738 291 780 minati
323 754 421 780 csse
451 739 680 792 videntur-3
730 754 828 780 nam
863 738 1160 791 Πατροκλεύς,
1193 741 1310 796 quod
1340 742 1505 799 Papius
1536 745 1598 786 af-

138 806 222 846 fert
253 821 276 848 0
306 806 434 848 Ρ1101.
462 807 580 848 Β1111.
615 805 810 848 0011.167
840 821 938 847 cum
967 807 1084 848 varia
1114 806 1301 849 lectione
1328 814 1593 862 Πατροκλῆς,

139 873 212 915 vix
243 874 388 916 verius
420 882 486 916 est
516 891 641 932 quam
683 875 728 915 in
767 874 1010 930 fragmento
1040 874 1119 916 illo
1150 874 1411 918 Plutarcheo
1443 886 1484 919 et
1512 880 1597 921 for-

139 947 254 982 tasse
299 957 351 983 ex
397 942 544 983 eadem
593 942 782 999 genuina
826 943 963 982 forma
1010 944 1280 996 Πατροκλέας
1333 955 1595 1002 corruptum.

139 1008 234 1050 Jam
255 1041 267 1063 ,
317 1009 354 1052 si
387 1009 594 1051 Rossium
626 1009 826 1051 audimus
857 1009 995 1051 Inscr.
1028 1009 1088 1050 II.
1127 1025 1172 1066 p.
1203 1010 1285 1063 20,
1327 1012 1421 1068 ejus
1453 1014 1599 1057 homo-

139 1077 311 1133 nymiae
342 1078 464 1134 origo
495 1078 548 1119 ab
579 1078 689 1135 ipsis
716 1077 916 1135 Pelasgis
947 1078 1181 1134 repetenda
1211 1086 1303 1128 051,
1336 1096 1445 1138 quos
1472 1097 1598 1141 saepe

140 1144 204 1197 (id
236 1146 352 1203 quod
382 1146 583 1188 hodierni
615 1146 769 1187 Graeci
802 1146 943 1187 facere
975 1146 1118 1187 solent
1148 1153 1194 1187 ut
1226 1147 1247 1187 ὁ
1278 1146 1542 1199 Κύκλωπας,
1577 1151 1598 1191 ὁ

138 1214 336 1268 πατέρας)
381 1214 673 1256 accusativum
713 1214 924 1271 pluralem
956 1213 1295 1255 masculinorum
1328 1215 1372 1257 in
1404 1217 1599 1259 nomina-

139 1281 275 1322 tivum
307 1281 572 1339 singularem
607 1282 873 1323 convertisse
899 1280 1032 1333 dicit,
1064 1280 1214 1323 codem
1238 1282 1415 1336 ἄιιόραν,
1449 1284 1600 1340 εὐσχή-

139 1365 267 1401 μοναν
294 1356 336 1390 01
367 1349 533 1392 similes
564 1349 890 1392 recentissimae
922 1348 1179 1390 Graecitatis
1210 1352 1479 1394 accusativos
1515 1361 1597 1395 tra-

139 1418 264 1458 110115.
353 1419 415 1459 Α1
455 1418 792 1459 Adamantinum
832 1417 983 1458 Coi-ais
1025 1417 1130 1459 olim
1171 1417 1332 1460 similia
1374 1419 1598 1463 docentem

139 1486 400 1527 refutaverat
430 1485 677 1528 LobeclziuS
708 1486 870 1527 Parall.
912 1500 956 1543 p.
994 1486 1088 1526 142.
1180 1484 1271 1538 Qui
1303 1502 1436 1544 quum
1468 1489 1597 1543 dicat,

138 1552 185 1595 in
206 1553 395 1595 Dissert.
422 1553 475 1594 de
497 1553 734 1611 Ambiguis
763 1555 908 1611 (quam
940 1552 1087 1595 videre
1119 1553 1246 1595 nobis
1278 1570 1366 1596 non
1395 1556 1598 1614 contigit)

139 1621 382 1663 ostendisse
425 1637 501 1674 se,
560 1637 644 1679 quo
685 1621 926 1679 pertineant
965 1621 1140 1663 nomina
1180 1624 1354 1679 propria
1385 1625 1596 1680 Αεπρεάς,

137 1688 354 1743 Ἀμοιβεάς
377 1698 419 1731 01
447 1689 633 1742 similia,
666 1689 750 1747 ipsi
782 1689 833 1731 de
865 1689 1237 1746 homonymiarum
1268 1690 1440 1732 illarum
1472 1707 1598 1733 causa

139 1773 344 1815 quaerere
363 1773 412 1799 eo
429 1757 574 1799 minus
592 1757 953 1815 periclitabimur,
985 1757 1102 1815 quod
1119 1758 1238 1807 satis,
1265 1757 1308 1798 id
1324 1759 1599 1816 quodnostra

138 1825 358 1875 intererat,
392 1826 686 1883 exemplorum
717 1825 842 1883 copia
874 1825 1074 1867 docuisse
1103 1826 1317 1875 videmur,
1349 1827 1522 1869 nomina
1552 1827 1598 1869 in

139 1892 184 1934 in
203 1898 322 1941 κλεας
339 1908 473 1951 eaque
492 1909 568 1950 pro
586 1893 895 1936 110111111111115111
914 1899 1013 1943 κλης
1030 1893 1168 1950 posita
1184 1909 1270 1936 non
1289 1894 1466 1936 barbara
1485 1911 1596 1937 esse.

253 1961 499 2002 Redeamus
530 1961 583 2002 ad
614 1962 877 2003 Pindareum
908 1962 1211 2019 Hippocleam.
1266 1962 1406 2017 Cujus
1439 1979 1596 2005 nomen

79 2070 89 2079 ,
140 2044 385 2086 quanquam
416 2037 592 2087 apparet
621 2046 769 2087 parum
801 2037 914 2072 recte
942 2046 965 2070 a
991 2029 1119 2071 nobis
1151 2031 1333 2071 maxime
1367 2031 1595 2072 barbarum

140 2096 303 2137 dictum
328 2111 450 2146 0550,
484 2105 668 2140 attamen
700 2098 893 2155 suspicio
924 2097 1132 2155 quaedam
1164 2098 1264 2140 inde
1296 2097 1446 2150 oritur,
1481 2098 1597 2155 quod

139 2164 306 2222 reliqua
330 2164 503 2206 nomina
533 2165 580 2206 in
614 2171 732 2214 κλεας
762 2166 964 2208 exeuntia
993 2165 1234 2207 recentiore
1267 2165 1437 2206 demum
1460 2172 1596 2206 aetate

139 2231 430 2289 reperiuntur.
515 2233 666 2291 Itaque
705 2250 758 2276 110
798 2235 980 2276 formam
1022 2249 1099 2290 pro
1131 2232 1282 2273 aetatis
1311 2231 1477 2273 ratione
1511 2232 1596 2274 sin-

139 2299 334 2355 gularem
364 2306 523 2341 temere
554 2301 812 2357 probemus,
855 2301 1089 2343 videndum
1121 2309 1214 2352 051,
1255 2315 1339 2356 qua
1371 2301 1596 2340 auctorita-

139 2374 182 2408 te
211 2366 384 2408 nitatur.
445 2367 573 2409 Libri
602 2368 744 2426 priore
773 2369 978 2410 carminis
1010 2366 1234 2409 Pindarici
1264 2366 1361 2407 loco
1391 2383 1432 2407 v.
1456 2368 1494 2408 5.
1526 2367 1596 2408 da-

140 2435 279 2476 tivum
306 2436 527 2486 Ἴπποκλέᾳ
567 2436 776 2493 praebent
806 2444 847 2478 et
878 2435 1062 2477 eundem
1092 2451 1224 2476 5011511
1257 2433 1508 2475 110511111111111
1537 2434 1596 2476 al-

90 2520 95 2521 ⁷
140 2508 231 2543 tero
260 2503 380 2555 loco,
420 2503 497 2544 ubi
527 2519 549 2544 0
579 2503 824 2558 conjectura
854 2504 1096 2544 Ἱπποκλέαν
1126 2501 1336 2559 scriptum
1367 2510 1446 2542 est.
1507 2501 1596 2545 Dc-

140 2568 244 2611 inde
285 2570 450 2612 scholia
498 2571 550 2612 ad
589 2571 792 2613 carminis
841 2570 1171 2627 inscriptionem
1211 2571 1315 2610 haec
1359 2568 1594 2610 adnotant:

142 2637 256 2678 δοκεῖ
292 2638 334 2678 δὲ
365 2638 389 2688 ἦ
420 2636 501 2690 ᾠδὴ
533 2637 586 2690 μή
618 2639 741 2691 ὑγιῶς
771 2637 1071 2692 ἐπιγεγράᾳθαι
1098 2637 1333 2678 Ἵπποκλεῖ·
1388 2636 1478 2678 δέον
1515 2635 1596 2689 γᾶρ

138 2704 375 2756 Ἱπποκλέᾳ.
416 2704 461 2746 τό
502 2704 578 2760 γὰρ
619 2705 746 2758 ὄνομα
785 2703 835 2756 ἦν
873 2704 1143 2754 ‘lano-mag,
1205 2705 1261 2751 οἷς
1301 2704 1371 2743 καὶ
1411 2701 1534 2750 αὐτὸς
1572 2703 1596 2744 ὁ

143 2772 354 2827 Πίνδαρος
385 2773 513 2822 δηλοῖ,
561 2771 733 2826 Quibus
764 2773 1072 2816 convenienter
1103 2771 1265 2814 scholia
1295 2770 1460 2828 ubique
1487 2786 1593 2827 pue-

1248 2855 1327 2898 30·
