1779 3079
519 203 595 252 Ad
631 203 847 252 Librum
883 203 1125 252 Primum.
1453 206 1550 255 539

94 340 360 383 nominativo
404 341 605 393 κιλλίβαις
647 340 723 383 vix
760 339 860 382 duci
903 348 1070 398 poterat
1114 340 1331 397 genitivus
1375 343 1548 394 κιλλίβα.

93 408 296 463 Ceterum
327 408 455 450 etiam
486 408 533 449 in
564 407 684 449 uadd‘
716 408 826 462 ἄειρε
857 409 1144 466 corruptelam
1175 409 1389 468 quandam
1419 408 1550 451 altius

90 477 225 520 latere
254 483 473 535 putamus.
505 503 561 510 —-
591 476 672 519 Vs.
694 477 723 518 4
751 475 884 530 ἔγχευε
915 483 983 518 cst
1012 476 1057 517 in
1087 477 1303 520 Athenaei
1331 476 1457 519 libris
1488 476 1548 518 X.

92 560 136 603 p.
169 545 269 588 430.
301 545 361 586 A.

202 613 286 655 Fr.
320 614 390 656 35.
451 612 654 655 Restitue
685 609 952 653 Lesbiacum
986 610 1084 652 ἀπύ.

202 681 287 723 Fr.
320 681 390 724 38.
460 680 638 723 Mallem
681 685 932 737 corruptum
979 677 1221 733 ἀρητυμένοι
1270 679 1549 723 retinuissem

89 747 178 790 vid.
211 749 253 802 ξ.
285 749 365 802 26,
397 748 440 791 2.

201 816 286 857 Fr.
318 816 389 857 41.
423 815 512 872 leg.
547 814 620 863 ὥς.

203 883 285 926 Fr.
319 884 389 925 42.
452 882 582 925 Certa
612 881 914 926 emendatione
938 883 1031 938 jam
1061 882 1337 940 reposuimus

265 950 311 995 Ξ
339 971 366 994 0
387 940 434 993 '-
455 974 481 994 υ
513 973 539 994 υ
582 953 625 992 ἐκ
659 953 701 994 δὲ
730 952 888 992 παίδων
919 950 1088 1007 χαύνοις
1119 951 1300 1005 φρένας,
1342 952 1367 992 ἁ
1388 956 1551 992 θαλασ-

917 1021 987 1061 σία
1025 1020 1150 1067 λέπας

88 1085 146 1127 cf.
180 1102 292 1145 quae
322 1088 576 1130 Athenaeus
605 1087 698 1141 III,
729 1086 800 1130 85.
834 1087 869 1129 F
909 1103 962 1129 cx
990 1087 1247 1129 Aristarcho
1276 1086 1396 1128 addit
1425 1095 1468 1128 ct
1497 1086 1550 1128 dc

87 1152 220 1196 verbo
251 1156 472 1211 ἐκχαυνοῦν
503 1155 659 1213 Eut-ip.
694 1154 850 1213 Suppl.
879 1156 988 1209 412,
1023 1156 1218 1212 Hesych.
1252 1156 1550 1209 ἐκχαυνῶν,

88 1223 289 1277 μεταίρων
318 1231 361 1266 ct
377 1224 576 1267 Erotian.
601 1223 906 1278 ἐκχαυνῶν,
940 1224 1151 1272 ἐξαπατῶν
1181 1225 1252 1263 καὶ
1280 1224 1547 1278 μετεωρίζων.

199 1291 281 1333 Fr.
314 1292 385 1335 48.
448 1293 656 1334 Fortasse
688 1291 986 1350 suppleveris:

296 1360 384 1401 Οὐκ
416 1360 493 1415 ἔχω
514 1360 662 1403 Λύκον
691 1361 732 1401 ἐν
764 1361 951 1413 [ταισίὸε]
985 1360 1151 1412 μοι’σαις
1184 1357 1309 1411 ἀλέγω
1342 1357 1518 1410 [κάλον]

199 1426 283 1468 Fr.
316 1429 387 1471 49.
435 1428 620 1471 Rectius
651 1444 749 1470 cum
777 1427 920 1470 Nevio
950 1427 1143 1470 scribas:
1187 1426 1254 1467 ἐπ’
1287 1426 1432 1468 ὄνασιν
1460 1426 1551 1480 ἔμοι

85 1494 343 1548 χεγένησθαι.

199 1563 281 1606 Fr.
316 1564 370 1606 54
399 1565 490 1621 leg.
523 1563 682 1619 πρώτα.

201 1632 288 1673 Fr.
324 1631 393 1674 55.
453 1633 544 1675 vid.
582 1647 712 1690 supra
743 1631 795 1672 ad
827 1631 882 1673 fr.
914 1632 955 1674 3.

202 1699 288 1741 Fr.
321 1700 391 1743 62.
457 1700 778 1758 corrigendum
809 1699 1013 1742 videtur:

142 1766 248 1808 Az'n'
271 1769 388 1818 εἴπης
415 1768 466 1810 τὰ
492 1769 653 1818 θέλεις,
689 1765 915 1814 ἀκούσειάς
945 1768 1042 1820 [κεν]
1073 1766 1122 1808 τὰ
1150 1769 1220 1807 καὶ
1244 1766 1290 1808 οὐ
1314 1766 1462 1815 θέλεις.

199 1835 284 1877 Fr.
318 1836 388 1879 63.
451 1836 744 1879 Restituimus
775 1850 892 1876 nunc
923 1835 1019 1878 sine
1048 1835 1279 1877 verborum
1309 1835 1551 1892 transposi-

85 1903 234 1946 tione:

265 1975 341 2013 Tol
369 1971 449 2026 γὰρ
480 1973 594 2014 θέων
624 1971 755 2024 ἰότητ’
785 1971 889 2025 ὔμμ’
921 1971 1091 2027 ἔλαχον,
1131 1974 1210 2013 τῶν
1242 1971 1338 2024 [iiiia]
1371 1971 1551 2024 ἄφθιτον

260 2037 439 2090 ἀνθήσει
467 2040 606 2095 χέρας.

198 2105 283 2148 Fr.
316 2107 386 2149 64.
439 2107 802 2166 Interrogationis
834 2109 1010 2167 signum
1040 2115 1141 2166 post
1172 2107 1256 2150 οἵδ’
1287 2107 1444 2150 melius
1475 2108 1546 2149 de-

87 2176 217 2218 letur.
296 2175 350 2215 In
389 2174 641 2218 Ravennate
681 2193 798 2219 nunc
840 2176 1110 2228 ἀπυηερατων
1150 2177 1241 2233 legi
1282 2176 1467 2217 traditur
1507 2184 1549 2217 et

87 2239 247 2293 ἧνθον,
280 2241 400 2301 quod
428 2242 683 2286 Dindorfius
712 2245 939 2302 probavit,
986 2246 1169 2286 fortasse
1199 2251 1328 2285 recte.
1390 2243 1546 2302 Neque

88 2318 231 2353 tamen
262 2326 350 2352 non
376 2310 587 2353 credibile
612 2319 701 2364 est,
732 2313 986 2356 Dorismum
1018 2328 1041 2353 a
1070 2310 1347 2368 grammatico
1377 2311 1546 2353 illatum

89 2395 201 2422 esse.
264 2377 392 2420 Certe
422 2378 527 2420 libri
556 2386 733 2422 tuentur
759 2378 889 2430 ἦλθες
919 2380 1082 2437 Sapph.
1117 2380 1165 2432 1,
1197 2380 1239 2422 8.

199 2447 286 2488 Fr.
319 2446 389 2488 65.
450 2446 632 2489 Rectius
662 2449 874 2503 fortasse,
915 2463 970 2489 ne
1003 2447 1144 2488 hiatus
1175 2446 1414 2489 inferatur:

258 2517 322 2556 Αἰ
348 2514 428 2568 γάρ
456 2513 500 2554 κ’
523 2514 694 2556 ἄλλοθεν
719 2516 820 2567 ἔλθη
837 2550 847 2565 ,
887 2516 952 2568 [τί]
984 2517 1026 2556 δὲ
1055 2513 1338 2568 φαῖγκήνοθεν
1365 2514 1544 2567 ἔμμεναι.

201 2582 286 2624 Fr.
318 2582 388 2624 71.
453 2581 636 2640 Corrige
668 2584 955 2637 fiuaavoiqnayoa
997 2582 1086 2624 vid.
1120 2582 1175 2623 L.
1209 2582 1268 2623 II.
1310 2585 1352 2636 ἓ.
1387 2582 1465 2636 19,
1500 2584 1539 2625 5.

201 2651 283 2693 Fr.
317 2649 386 2692 72.
449 2649 653 2693 Praefero
685 2651 777 2706 jam
806 2668 905 2694 cum
934 2650 1126 2706 Bergkio
1156 2651 1279 2704 μέγα,
1330 2650 1448 2707 quod
1478 2658 1544 2692 cst

92 2718 138 2760 in
168 2718 298 2762 libro.
1544 2764 1547 2768 ,

201 2786 288 2828 Fr.
320 2786 391 2828 73.
453 2785 581 2829 Alter
609 2801 759 2828 versus
788 2786 1013 2828 meliorem
1044 2784 1302 2827 medicinam
1328 2792 1536 2843 expectat.
