1779 3079
397 190 438 251 §.
473 190 553 242 53.
621 191 696 239 De
731 188 930 239 dialecto
965 189 1216 240 Arcadica.
1429 191 1527 242 233

201 331 238 374 E
279 329 497 373 vocalibus
536 328 711 383 vulgare
751 326 793 382 Ξ,
839 341 927 368 non
965 326 1170 369 Doricum
1210 335 1251 370 ct
1279 327 1529 370 Boeoticum

94 400 142 449 ἆ,
186 407 249 440 cst
278 398 322 439 in
352 396 465 454 ἱερῆς
494 412 560 437 nr.
594 395 700 436 1513
729 409 807 451 pro
836 392 992 450 ἱερεύς,
1041 395 1144 438 adeo
1174 397 1410 452 praefertur
1436 398 1455 437 Ξ
1484 396 1530 437 in

91 467 288 520 ζέρεθρον
315 481 392 522 pro
422 464 641 519 βάραθρον
679 468 721 503 ct
749 461 867 510 ζὲλλω
905 476 982 518 pro
1013 460 1173 516 βάλλω,
1231 464 1268 504 si
1309 465 1388 504 hoc
1418 471 1531 506 recte

89 533 350 574 Arcadicum
386 531 633 587 judicatur,
689 535 731 570 et
770 528 950 569 fortasse
1003 529 1252 584 Τιμοκρέτης
1295 532 1427 585 1513,
1458 531 1529 580 27,

91 616 331 658 quanquam
363 597 649 653 Δεξικράτης,
687 594 961 647 Σωσικράτης
993 602 1092 636 sunt
1120 596 1151 636 l.
1186 597 1251 637 13.
1284 598 1353 639 26.
1416 597 1529 640 Con-

89 675 153 709 tra
185 669 212 707 ᾱ
235 681 311 723 pro
342 664 508 721 vulgari
545 671 586 705 ct
616 664 776 705 Dorico
805 667 824 704 ἓ
853 669 918 704 est
954 662 1000 703 in
1030 663 1238 720 Hesychii
1275 664 1418 719 glossa
1447 666 1530 707 Ar-

91 734 233 776 cadica
271 731 432 787 θύρὸα,
486 731 560 781 ἔξω
590 731 620 772 i.
652 748 688 773 c.
721 730 893 785 θύραζε.
971 729 1224 787 Corrcptum
1256 731 1281 770 ἆ
1315 739 1531 787 praetcrea

89 801 136 843 in
167 806 189 842 ὃ
217 806 405 841 mutatur
439 799 485 840 in
517 798 753 853 ἑκοτόνβοια
791 813 868 855 pro
907 796 1177 850 ἑκατόμβοια,
1218 797 1333 854 quod
1370 798 1532 856 legitur

87 867 134 909 in
162 867 286 909 titulo
316 883 382 908 nr.
416 868 551 921 1513,
583 883 630 917 a,
690 866 766 908 ubi
809 872 1025 923 practerea
1062 864 1171 906 nihil
1208 880 1294 905 non
1335 872 1400 907 cst
1435 867 1532 908 vul-

87 950 213 992 gare,
270 934 412 991 ipsum
454 933 699 988 ἑκατόμβοια
741 933 922 975 traditur
964 932 1008 973 in
1049 949 1114 973 nr.
1149 932 1280 986 1513,
1310 932 1363 983 b,
1418 934 1533 991 quod

87 1002 281 1057 ejusdcm
317 1001 614 1059 inscriptionis
654 1001 771 1043 aliud
809 1000 1098 1058 apographum
1129 1015 1224 1042 csse
1261 1000 1444 1042 videtur.
1476 1026 1532 1034 --

85 1070 288 1127 Longum
320 1070 344 1109 ἆ
370 1085 447 1127 pro
476 1070 642 1127 vulgari
676 1076 698 1119 ἧ
727 1069 963 1126 reperitur,
1020 1067 1095 1108 ubi
1130 1075 1194 1109 cst
1231 1068 1343 1125 apud
1369 1067 1529 1122 Dores,

86 1140 312 1189 Λαμοκλῆς
342 1137 463 1179 1512.
497 1138 631 1190 1513,
675 1135 962 1192 Ἀριστείδας,
1006 1134 1244 1185 ’Λθαναιά,
1286 1139 1530 1191 Α’ραριῶται

88 1205 195 1247 1513
237 1211 318 1246 etc.
349 1231 404 1237 -—
486 1203 646 1245 Mirum
695 1212 758 1245 cst
802 1205 1016 1245 Ποσοιὸιῖν
1057 1203 1169 1260 apud
1211 1202 1340 1244 Ross.
1385 1220 1452 1245 nr.
1485 1204 1529 1257 7,

88 1287 273 1330 quocum
314 1271 351 1313 si
391 1287 634 1330 comparare
673 1270 780 1313 velis
809 1271 1039 1313 Aeolicum
1080 1271 1243 1327 ὅνοιρος
1273 1267 1331 1327 (ξ.
1364 1272 1432 1322 15,
1466 1269 1528 1327 5),

85 1340 172 1397 ipsi
208 1347 349 1381 tamen
389 1339 541 1381 Lesbii
578 1341 785 1381 Ποσείὸαν
824 1339 1037 1381 dixerunt.
1070 1364 1124 1370 —
1197 1339 1396 1381 Ceterum
1433 1340 1461 1389 ’ἧ
1490 1346 1532 1381 et

88 1410 132 1449 ἆῖ
161 1424 248 1449 non
277 1407 496 1466 patiuntur
525 1407 750 1449 Boeoticas
780 1407 1050 1448 mutationes.

197 1475 248 1517 In
293 1475 483 1533 genitivo
523 1474 820 1516 declinationis
864 1474 1074 1515 secundae
1114 1473 1323 1531 singulari
1364 1481 1529 1516 contra-

87 1542 243 1585 ctionis
274 1558 429 1600 genere
459 1542 635 1600 antiqua
664 1542 905 1583 terminatio
938 1543 985 1583 <25
1014 1542 1165 1583 transit
1195 1542 1239 1582 in
1272 1543 1345 1595 ἇῦ,
1375 1541 1531 1584 Ἀπολ-

87 1611 260 1651 λωνίὸαυ
299 1626 365 1650 nr.
401 1610 530 1663 1513,
562 1611 616 1652 52
655 1618 696 1651 et
727 1610 859 1663 1514,
902 1609 1015 1649 ''Eav
1057 1617 1098 1650 ct
1135 1607 1371 1660 Εὐμηλίὸαυ
1402 1610 1526 1664 1513,

90 1678 157 1720 16.
192 1677 269 1731 503
317 1693 414 1717 nam
443 1677 488 1717 in
524 1678 667 1718 Φιλλιά
699 1678 805 1719 1514
835 1676 878 1717 in
909 1678 992 1718 fine
1021 1678 1045 1717 ὗ
1074 1676 1313 1717 addendum
1343 1675 1527 1718 videtur.

89 1745 252 1788 Eadem
282 1744 584 1786 contractionis
614 1745 720 1785 ratio
752 1761 883 1802 quum
918 1744 1028 1802 apud
1059 1744 1243 1786 Boeotos
1273 1743 1320 1784 in
1351 1742 1530 1796 Σαύμει-

87 1817 183 1866 λος,
223 1811 500 1866 Σαυκράτειος
527 1812 761 1869 reperiatur
790 1811 894 1864 (vid.
927 1808 966 1868 ἓ.
1000 1809 1098 1867 43),
1137 1811 1182 1852 iu
1212 1811 1445 1868 Tegeatico
1474 1812 1528 1854 ti-

87 1881 180 1923 tulo
211 1881 319 1922 1512
361 1879 519 1935 legitur
555 1881 746 1932 Σωσίας,
808 1895 894 1919 non
935 1880 1142 1928 Σαυσίας,
1205 1885 1250 1918 ut
1300 1878 1530 1921 incertiora

87 1949 171 1990 alia
211 1949 468 1990 omittamus.
528 1947 689 1988 Dorica
724 1946 1028 1988 contractionis
1066 1946 1173 1989 ratio
1211 1946 1324 1987 valet
1361 1946 1407 1987 in
1439 1951 1531 1988 110-

89 2017 232 2058 σοιὸἆν
262 2015 392 2057 Ross.
435 2031 501 2056 nr.
534 2015 584 2066 7,
639 2022 679 2056 et
711 2016 890 2067 Περίλας
926 2015 1069 2056 Lealac
1108 2029 1172 2054 nr.
1207 2013 1257 2065 1,
1314 2013 1350 2054 si
1387 2013 1529 2055 verius

85 2085 166 2126 hoc
196 2090 282 2138 est,
313 2099 438 2140 quam
470 2085 698 2137 Περίλαος,
732 2082 846 2140 quod
874 2081 1118 2123 Boeclzhins
1148 2080 1283 2121 edidit
1311 2097 1377 2121 nr.
1402 2082 1528 2134 1513,

87 2153 155 2195 32.
187 2176 242 2183 —
298 2151 350 2193 ln
391 2150 579 2209 genitivo
617 2150 915 2192 declinationis
954 2148 1163 2191 secundae
1202 2148 1395 2189 Arcades
1432 2163 1531 2189 cum

88 2218 290 2269 Lesbiis,
330 2218 526 2269 Boeotis,
571 2218 851 2260 Doriensium
880 2225 999 2276 parte
1028 2215 1367 2258 terminationem
1399 2217 1429 2255 ὦ
1458 2216 1531 2256 ha-

87 2287 219 2341 bent,
269 2284 402 2327 Οὐτίω
434 2287 566 2341 1513,
599 2287 652 2340 8,
700 2286 865 2340 ΠΙόσχω
898 2286 1028 2339 1514,
1078 2284 1231 2326 deinde
1271 2283 1384 2341 apud
1421 2283 1529 2324 Lea-

87 2354 205 2397 kium
235 2370 300 2395 nr.
335 2355 357 2396 1
387 2355 526 2406 Σίμω,
574 2370 669 2395 cum
700 2370 785 2412 qno
815 2353 1027 2395 consentit
1055 2351 1190 2393 Gellii
1220 2351 1528 2408 apographum,

89 2423 158 2464 cui
186 2421 431 2464 Boeckhius
466 2421 764 2480 Pouquevillii
792 2425 929 2474 Σιμων
947 2452 956 2461 .
980 2452 988 2461 .
1012 2451 1023 2461 .
1064 2418 1265 2478 praetulit
1295 2418 1426 2469 1513,
1457 2417 1528 2469 32,

92 2487 345 2544 Πραξιδάμω
385 2488 455 2541 (Β.
490 2490 623 2543 1513,
653 2490 707 2531 45
750 2489 1059 2546 Πραξιὸλκτω),
1117 2486 1260 2539 Γόργω
1300 2482 1370 2539 (Β.
1405 2484 1529 2533 1513,

91 2558 144 2599 54
174 2556 339 2610 Γόρτυ).
370 2579 425 2586 —-
494 2556 546 2599 In
577 2557 861 2598 declinatione
898 2555 1021 2597 tertia
1057 2553 1261 2597 notabilis
1299 2558 1363 2593 cst
1391 2550 1531 2592 nomi-

90 2624 257 2665 nativus
296 2621 409 2677 ἱερῆς
447 2640 524 2681 pro
554 2624 683 2679 ἱερεὺς
716 2625 846 2677 1513,
878 2624 918 2666 6.
950 2623 1020 2666 27.
1053 2623 1132 2676 30,
1187 2636 1312 2678 qnam
1351 2619 1529 2660 formam

68 2689 274 2736 ,Doricae
314 2691 492 2733 dialecto
530 2692 735 2733 adscribit
763 2691 975 2732 Priscian.
1007 2691 1086 2731 Vl.
1119 2706 1162 2747 p.
1194 2687 1275 2730 233
1312 2702 1365 2727 ex
1393 2685 1528 2727 Hero-

94 2757 234 2800 diano.
296 2759 479 2801 Nomina
517 2759 687 2817 propria
724 2759 768 2800 in
807 2759 885 2813 2752}
925 2774 1091 2816 semper
1129 2762 1341 2798 contracta
1379 2753 1529 2810 legun-
