<?xml version="1.0" encoding="UTF-8"?>
<!DOCTYPE html PUBLIC "-//W3C//DTD XHTML 1.0 Transitional//EN"
    "http://www.w3.org/TR/xhtml1/DTD/xhtml1-transitional.dtd">
<html xmlns="http://www.w3.org/1999/xhtml" xml:lang="en" lang="en">
 <head>
  <title>
</title>
<meta http-equiv="Content-Type" content="text/html;charset=utf-8" />
  <meta name='ocr-system' content='tesseract 3.04.00' />
  <meta name='ocr-capabilities' content='ocr_page ocr_carea ocr_par ocr_line ocrx_word'/>
</head>
<body>
  <div class='ocr_page' id='page_1' title='image "./degraecaelinguae01ahreuoft_0516.png"; bbox 0 0 1779 3079; ppageno 0'>
   <div class='ocr_carea' id='block_1_1' title="bbox 236 197 1134 248">
    <p class='ocr_par' dir='ltr' id='par_1_1' title="bbox 236 197 1134 248">
     <span class='ocr_line' id='line_1_1' title="bbox 236 197 1134 248; baseline -0.002 -2"><span class='ocrx_word' id='word_1_1' title='bbox 236 198 330 248; x_wconf 81' lang='lat'><strong>192</strong></span> <span class='ocrx_word' id='word_1_2' title='bbox 772 198 844 243; x_wconf 89' lang='lat' dir='ltr'><strong>De</strong></span> <span class='ocrx_word' id='word_1_3' title='bbox 874 197 1134 246; x_wconf 78' lang='lat' dir='ltr'><strong>vocalibus.</strong></span> 
     </span>
    </p>
   </div>
   <div class='ocr_carea' id='block_1_2' title="bbox 228 332 1683 2832">
    <p class='ocr_par' dir='ltr' id='par_1_2' title="bbox 232 332 1681 665">
     <span class='ocr_line' id='line_1_2' title="bbox 232 332 1680 393; baseline -0.001 -14"><span class='ocrx_word' id='word_1_4' title='bbox 232 339 322 379; x_wconf 83' lang='lat' dir='ltr'><strong>fere</strong></span> <span class='ocrx_word' id='word_1_5' title='bbox 352 333 575 393; x_wconf 88' lang='lat' dir='ltr'><strong>proprium</strong></span> <span class='ocrx_word' id='word_1_6' title='bbox 608 339 698 385; x_wconf 85' lang='lat' dir='ltr'><strong>cst,</strong></span> <span class='ocrx_word' id='word_1_7' title='bbox 743 332 947 381; x_wconf 87' lang='lat' dir='ltr'><strong>alterum,</strong></span> <span class='ocrx_word' id='word_1_8' title='bbox 981 350 1066 391; x_wconf 90' lang='lat' dir='ltr'><strong>quo</strong></span> <span class='ocrx_word' id='word_1_9' title='bbox 1097 334 1265 375; x_wconf 82' lang='lat' dir='ltr'><strong>vocales</strong></span> <span class='ocrx_word' id='word_1_10' title='bbox 1295 334 1532 392; x_wconf 84' lang='lat' dir='ltr'><strong>antiquitus</strong></span> <span class='ocrx_word' id='word_1_11' title='bbox 1561 351 1680 392; x_wconf 87' lang='lat' dir='ltr'><strong>sepa-</strong></span> 
     </span>
     <span class='ocr_line' id='line_1_3' title="bbox 233 400 1680 460; baseline -0.001 -14"><span class='ocrx_word' id='word_1_12' title='bbox 233 412 345 446; x_wconf 82' lang='lat' dir='ltr'><strong>ratae</strong></span> <span class='ocrx_word' id='word_1_13' title='bbox 378 418 462 444; x_wconf 93' lang='lat' dir='ltr'><strong>non</strong></span> <span class='ocrx_word' id='word_1_14' title='bbox 493 400 814 457; x_wconf 80' lang='lat' dir='ltr'><strong>conjunguntur</strong></span> <span class='ocrx_word' id='word_1_15' title='bbox 844 401 888 442; x_wconf 90' lang='lat' dir='ltr'><strong>in</strong></span> <span class='ocrx_word' id='word_1_16' title='bbox 919 401 1254 459; x_wconf 76' lang='lat' dir='ltr'><strong>diphthongum,</strong></span> <span class='ocrx_word' id='word_1_17' title='bbox 1289 418 1343 443; x_wconf 89' lang='lat' dir='ltr'><strong>ne</strong></span> <span class='ocrx_word' id='word_1_18' title='bbox 1369 403 1419 443; x_wconf 85' lang='lat' dir='ltr'><strong>ab</strong></span> <span class='ocrx_word' id='word_1_19' title='bbox 1441 402 1680 460; x_wconf 81' lang='lat' dir='ltr'><strong>antiquiore</strong></span> 
     </span>
     <span class='ocr_line' id='line_1_4' title="bbox 233 469 1679 530; baseline -0.001 -17"><span class='ocrx_word' id='word_1_20' title='bbox 233 472 406 530; x_wconf 89' lang='lat' dir='ltr'><strong>quidem</strong></span> <span class='ocrx_word' id='word_1_21' title='bbox 433 469 597 511; x_wconf 82' lang='lat' dir='ltr'>Doride</span> <span class='ocrx_word' id='word_1_22' title='bbox 627 469 814 510; x_wconf 83' lang='lat' dir='ltr'><strong>alienum</strong></span> <span class='ocrx_word' id='word_1_23' title='bbox 845 477 934 510; x_wconf 87' lang='lat' dir='ltr'><strong>erat</strong></span> <span class='ocrx_word' id='word_1_24' title='bbox 963 478 1005 511; x_wconf 88' lang='lat' dir='ltr'><strong>et</strong></span> <span class='ocrx_word' id='word_1_25' title='bbox 1036 469 1147 526; x_wconf 87' lang='lat' dir='ltr'><strong>apud</strong></span> <span class='ocrx_word' id='word_1_26' title='bbox 1180 469 1410 512; x_wconf 84' lang='lat' dir='ltr'><strong>Cretenses</strong></span> <span class='ocrx_word' id='word_1_27' title='bbox 1443 470 1586 528; x_wconf 87' lang='lat' dir='ltr'><strong>paullo</strong></span> <span class='ocrx_word' id='word_1_28' title='bbox 1615 471 1679 511; x_wconf 90' lang='lat' dir='ltr'><strong>di-</strong></span> 
     </span>
     <span class='ocr_line' id='line_1_5' title="bbox 233 537 1681 595; baseline -0.001 -14"><span class='ocrx_word' id='word_1_29' title='bbox 233 540 348 581; x_wconf 90' lang='lat' dir='ltr'><strong>utius</strong></span> <span class='ocrx_word' id='word_1_30' title='bbox 381 538 578 595; x_wconf 63' lang='lat' dir='ltr'><strong>vigebat,</strong></span> <span class='ocrx_word' id='word_1_31' title='bbox 609 545 824 594; x_wconf 82' lang='lat' dir='ltr'><strong>praeterea</strong></span> <span class='ocrx_word' id='word_1_32' title='bbox 855 553 877 578; x_wconf 89' lang='lat' dir='ltr'><strong>e</strong></span> <span class='ocrx_word' id='word_1_33' title='bbox 908 537 1124 579; x_wconf 85' lang='lat' dir='ltr'><strong>Laconica</strong></span> <span class='ocrx_word' id='word_1_34' title='bbox 1155 537 1337 580; x_wconf 84' lang='lat' dir='ltr'><strong>dialecto</strong></span> <span class='ocrx_word' id='word_1_35' title='bbox 1368 546 1409 580; x_wconf 88' lang='lat' dir='ltr'><strong>et</strong></span> <span class='ocrx_word' id='word_1_36' title='bbox 1438 538 1681 595; x_wconf 80' lang='lat' dir='ltr'><strong>antiquiore</strong></span> 
     </span>
     <span class='ocr_line' id='line_1_6' title="bbox 233 606 1149 665; baseline -0.003 -16"><span class='ocrx_word' id='word_1_37' title='bbox 233 607 444 665; x_wconf 80' lang='lat' dir='ltr'><strong>Delphica</strong></span> <span class='ocrx_word' id='word_1_38' title='bbox 475 606 646 662; x_wconf 80' lang='lat' dir='ltr'><strong>singula</strong></span> <span class='ocrx_word' id='word_1_39' title='bbox 678 606 871 663; x_wconf 84' lang='lat' dir='ltr'><strong>exempla</strong></span> <span class='ocrx_word' id='word_1_40' title='bbox 903 613 1149 662; x_wconf 86' lang='lat' dir='ltr'><strong>supersunt.</strong></span> 
     </span>
    </p>

    <p class='ocr_par' dir='ltr' id='par_1_3' title="bbox 228 673 1683 2154">
     <span class='ocr_line' id='line_1_7' title="bbox 345 673 1679 730; baseline -0.001 -14"><span class='ocrx_word' id='word_1_41' title='bbox 345 675 395 716; x_wconf 94' lang='lat' dir='ltr'><strong>In</strong></span> <span class='ocrx_word' id='word_1_42' title='bbox 440 673 578 715; x_wconf 87' lang='lat' dir='ltr'><strong>titulis</strong></span> <span class='ocrx_word' id='word_1_43' title='bbox 626 673 833 714; x_wconf 79' lang='lat' dir='ltr'><strong>diaeresis</strong></span> <span class='ocrx_word' id='word_1_44' title='bbox 878 673 1241 730; x_wconf 79' lang='lat' dir='ltr'><strong>diphthongorum</strong></span> <span class='ocrx_word' id='word_1_45' title='bbox 1291 689 1377 714; x_wconf 90' lang='lat' dir='ltr'><strong>non</strong></span> <span class='ocrx_word' id='word_1_46' title='bbox 1426 680 1568 730; x_wconf 87' lang='lat' dir='ltr'><strong>potest</strong></span> <span class='ocrx_word' id='word_1_47' title='bbox 1612 688 1679 714; x_wconf 92' lang='lat' dir='ltr'><strong>co-</strong></span> 
     </span>
     <span class='ocr_line' id='line_1_8' title="bbox 231 740 1679 800; baseline -0.002 -15"><span class='ocrx_word' id='word_1_48' title='bbox 231 744 383 800; x_wconf 78' lang='lat' dir='ltr'><strong>gnosci</strong></span> <span class='ocrx_word' id='word_1_49' title='bbox 402 774 414 796; x_wconf 92' lang='lat'><strong>,</strong></span> <span class='ocrx_word' id='word_1_50' title='bbox 448 742 534 783; x_wconf 89' lang='lat' dir='ltr'><strong>nisi</strong></span> <span class='ocrx_word' id='word_1_51' title='bbox 566 741 694 782; x_wconf 85' lang='lat' dir='ltr'><strong>simul</strong></span> <span class='ocrx_word' id='word_1_52' title='bbox 724 740 842 797; x_wconf 86' lang='lat' dir='ltr'><strong>prior</strong></span> <span class='ocrx_word' id='word_1_53' title='bbox 871 741 1057 793; x_wconf 88' lang='lat' dir='ltr'><strong>vocalis,</strong></span> <span class='ocrx_word' id='word_1_54' title='bbox 1091 758 1199 799; x_wconf 73' lang='lat' dir='ltr'><strong>quae</strong></span> <span class='ocrx_word' id='word_1_55' title='bbox 1230 742 1273 782; x_wconf 89' lang='lat' dir='ltr'><strong>in</strong></span> <span class='ocrx_word' id='word_1_56' title='bbox 1302 740 1567 798; x_wconf 79' lang='lat' dir='ltr'><strong>diphthongo</strong></span> <span class='ocrx_word' id='word_1_57' title='bbox 1589 756 1679 782; x_wconf 91' lang='lat' dir='ltr'><strong>cor-</strong></span> 
     </span>
     <span class='ocr_line' id='line_1_9' title="bbox 232 808 1680 869; baseline -0.002 -17"><span class='ocrx_word' id='word_1_58' title='bbox 232 811 408 869; x_wconf 90' lang='lat' dir='ltr'><strong>ripitur,</strong></span> <span class='ocrx_word' id='word_1_59' title='bbox 447 811 502 850; x_wconf 82' lang='lat' dir='ltr'><strong>ita</strong></span> <span class='ocrx_word' id='word_1_60' title='bbox 533 809 737 866; x_wconf 85' lang='lat' dir='ltr'><strong>producta</strong></span> <span class='ocrx_word' id='word_1_61' title='bbox 769 816 967 865; x_wconf 75' lang='lat' dir='ltr'><strong>apparet,</strong></span> <span class='ocrx_word' id='word_1_62' title='bbox 1013 815 1058 848; x_wconf 90' lang='lat' dir='ltr'><strong>ut</strong></span> <span class='ocrx_word' id='word_1_63' title='bbox 1087 813 1137 858; x_wconf 74' lang='grc' dir='ltr'><strong>ηϊ</strong></span> <span class='ocrx_word' id='word_1_64' title='bbox 1161 809 1215 849; x_wconf 89' lang='lat' dir='ltr'><strong>sit</strong></span> <span class='ocrx_word' id='word_1_65' title='bbox 1246 826 1322 867; x_wconf 87' lang='lat' dir='ltr'><strong>pro</strong></span> <span class='ocrx_word' id='word_1_66' title='bbox 1354 825 1402 849; x_wconf 74' lang='grc' dir='ltr'><strong>ει.</strong></span> <span class='ocrx_word' id='word_1_67' title='bbox 1464 808 1590 850; x_wconf 84' lang='lat' dir='ltr'><strong>Talia</strong></span> <span class='ocrx_word' id='word_1_68' title='bbox 1620 809 1680 850; x_wconf 90' lang='lat' dir='ltr'><strong>le-</strong></span> 
     </span>
     <span class='ocr_line' id='line_1_10' title="bbox 233 872 1679 938; baseline -0.003 -18"><span class='ocrx_word' id='word_1_69' title='bbox 233 872 392 938; x_wconf 73' lang='lat' dir='ltr'><strong>guntur</strong></span> <span class='ocrx_word' id='word_1_70' title='bbox 423 877 465 918; x_wconf 87' lang='lat' dir='ltr'><strong>in</strong></span> <span class='ocrx_word' id='word_1_71' title='bbox 501 876 616 918; x_wconf 77' lang='lat' dir='ltr'><strong>Cret.</strong></span> <span class='ocrx_word' id='word_1_72' title='bbox 646 875 757 917; x_wconf 71' lang='grc'>2554</span> <span class='ocrx_word' id='word_1_73' title='bbox 788 876 819 916; x_wconf 87' lang='grc'><strong>1.</strong></span> <span class='ocrx_word' id='word_1_74' title='bbox 847 876 914 917; x_wconf 79' lang='grc'><strong>51.</strong></span> <span class='ocrx_word' id='word_1_75' title='bbox 947 875 999 917; x_wconf 74' lang='lat'><strong>52</strong></span> <span class='ocrx_word' id='word_1_76' title='bbox 1028 876 1299 931; x_wconf 68' lang='grc' dir='ltr'><strong>πρυτανήὶὀν,</strong></span> <span class='ocrx_word' id='word_1_77' title='bbox 1335 876 1551 930; x_wconf 55' lang='grc' dir='ltr'><em>ἆινὸρήϊον,</em></span> <span class='ocrx_word' id='word_1_78' title='bbox 1585 875 1679 933; x_wconf 83' lang='lat' dir='ltr'><strong>qui-</strong></span> 
     </span>
     <span class='ocr_line' id='line_1_11' title="bbox 231 943 1679 997; baseline -0.003 -9"><span class='ocrx_word' id='word_1_79' title='bbox 231 948 312 989; x_wconf 87' lang='lat' dir='ltr'><strong>bus</strong></span> <span class='ocrx_word' id='word_1_80' title='bbox 346 945 485 987; x_wconf 89' lang='lat' dir='ltr'><strong>simile</strong></span> <span class='ocrx_word' id='word_1_81' title='bbox 518 951 581 985; x_wconf 86' lang='lat' dir='ltr'><strong>est</strong></span> <span class='ocrx_word' id='word_1_82' title='bbox 610 943 722 984; x_wconf 83' lang='lat' dir='ltr'>N.P.</span> <span class='ocrx_word' id='word_1_83' title='bbox 759 945 934 997; x_wconf 68' lang='grc' dir='ltr'><strong>Αωρηῖᾱ</strong></span> <span class='ocrx_word' id='word_1_84' title='bbox 965 943 994 984; x_wconf 93' lang='grc'><strong>1.</strong></span> <span class='ocrx_word' id='word_1_85' title='bbox 1029 943 1107 996; x_wconf 76' lang='grc'><strong>86,</strong></span> <span class='ocrx_word' id='word_1_86' title='bbox 1141 960 1205 983; x_wconf 90' lang='lat' dir='ltr'><strong>nr.</strong></span> <span class='ocrx_word' id='word_1_87' title='bbox 1239 943 1374 993; x_wconf 75' lang='grc'>2556,</span> <span class='ocrx_word' id='word_1_88' title='bbox 1407 944 1437 985; x_wconf 91' lang='grc'><strong>1.</strong></span> <span class='ocrx_word' id='word_1_89' title='bbox 1466 944 1490 984; x_wconf 83' lang='grc'><strong>5</strong></span> <span class='ocrx_word' id='word_1_90' title='bbox 1521 943 1679 984; x_wconf 85' lang='lat' dir='ltr'><strong>mensis</strong></span> 
     </span>
     <span class='ocr_line' id='line_1_12' title="bbox 231 1009 1678 1069; baseline -0.003 -14"><span class='ocrx_word' id='word_1_91' title='bbox 231 1013 470 1069; x_wconf 66' lang='grc' dir='ltr'><strong>Αρομήὶὸς,</strong></span> <span class='ocrx_word' id='word_1_92' title='bbox 518 1013 547 1053; x_wconf 93' lang='grc'><strong>1.</strong></span> <span class='ocrx_word' id='word_1_93' title='bbox 581 1011 635 1054; x_wconf 71' lang='grc'><strong>29</strong></span> <span class='ocrx_word' id='word_1_94' title='bbox 678 1011 929 1064; x_wconf 69' lang='grc' dir='ltr'><strong>πρειγήΐα</strong></span> <span class='ocrx_word' id='word_1_95' title='bbox 971 1013 1012 1051; x_wconf 74' lang='grc' dir='ltr'>δέ</span> <span class='ocrx_word' id='word_1_96' title='bbox 1043 1009 1074 1050; x_wconf 81' lang='grc' dir='ltr'><em>ὦ</em></span> <span class='ocrx_word' id='word_1_97' title='bbox 1106 1028 1156 1051; x_wconf 83' lang='grc' dir='ltr'><strong>κα</strong></span> <span class='ocrx_word' id='word_1_98' title='bbox 1186 1013 1324 1067; x_wconf 71' lang='grc' dir='ltr'><em>χρείαν</em></span> <span class='ocrx_word' id='word_1_99' title='bbox 1354 1011 1422 1069; x_wconf 70' lang='grc' dir='ltr'><strong>ἔχῃ</strong></span> <span class='ocrx_word' id='word_1_100' title='bbox 1461 1011 1678 1065; x_wconf 73' lang='grc' dir='ltr'><em>πορήὶω,</em></span> 
     </span>
     <span class='ocr_line' id='line_1_13' title="bbox 231 1077 1681 1137; baseline -0.003 -14"><span class='ocrx_word' id='word_1_101' title='bbox 231 1080 493 1136; x_wconf 64' lang='grc' dir='ltr'><strong>παρεχόντων</strong></span> <span class='ocrx_word' id='word_1_102' title='bbox 538 1087 648 1131; x_wconf 89' lang='lat' dir='ltr'><strong>etc.,</strong></span> <span class='ocrx_word' id='word_1_103' title='bbox 693 1078 765 1119; x_wconf 89' lang='lat' dir='ltr'><strong>uhi</strong></span> <span class='ocrx_word' id='word_1_104' title='bbox 814 1078 992 1130; x_wconf 70' lang='grc' dir='ltr'><strong>παρήϊον</strong></span> <span class='ocrx_word' id='word_1_105' title='bbox 1033 1088 1097 1121; x_wconf 90' lang='lat' dir='ltr'><strong>cst</strong></span> <span class='ocrx_word' id='word_1_106' title='bbox 1136 1096 1214 1137; x_wconf 90' lang='lat' dir='ltr'><strong>pro</strong></span> <span class='ocrx_word' id='word_1_107' title='bbox 1256 1081 1448 1135; x_wconf 70' lang='grc' dir='ltr'><em>πορεῖον,</em></span> <span class='ocrx_word' id='word_1_108' title='bbox 1493 1077 1681 1132; x_wconf 66' lang='grc' dir='ltr'><strong>πρειγήὶὶι</strong></span> 
     </span>
     <span class='ocr_line' id='line_1_14' title="bbox 230 1146 1682 1204; baseline -0.002 -13"><span class='ocrx_word' id='word_1_109' title='bbox 230 1150 335 1201; x_wconf 86' lang='lat' dir='ltr'><strong>(vid.</strong></span> <span class='ocrx_word' id='word_1_110' title='bbox 379 1148 420 1201; x_wconf 68' lang='grc' dir='ltr'><strong>ξ.</strong></span> <span class='ocrx_word' id='word_1_111' title='bbox 459 1147 534 1199; x_wconf 83' lang='lat'><strong>15,</strong></span> <span class='ocrx_word' id='word_1_112' title='bbox 566 1148 610 1198; x_wconf 83' lang='grc'><strong>6)</strong></span> <span class='ocrx_word' id='word_1_113' title='bbox 656 1162 677 1187; x_wconf 86' lang='lat' dir='ltr'><strong>a</strong></span> <span class='ocrx_word' id='word_1_114' title='bbox 719 1146 937 1188; x_wconf 71' lang='lat' dir='ltr'><strong>Boeekffio</strong></span> <span class='ocrx_word' id='word_1_115' title='bbox 978 1163 1053 1204; x_wconf 88' lang='lat' dir='ltr'><strong>pro</strong></span> <span class='ocrx_word' id='word_1_116' title='bbox 1094 1149 1292 1200; x_wconf 72' lang='grc' dir='ltr'><strong>πρεσβεῖα</strong></span> <span class='ocrx_word' id='word_1_117' title='bbox 1331 1147 1564 1204; x_wconf 83' lang='lat' dir='ltr'><strong>accipitur,</strong></span> <span class='ocrx_word' id='word_1_118' title='bbox 1609 1146 1682 1189; x_wconf 82' lang='lat' dir='ltr'><strong>vix</strong></span> 
     </span>
     <span class='ocr_line' id='line_1_15' title="bbox 230 1214 1682 1274; baseline -0.003 -14"><span class='ocrx_word' id='word_1_119' title='bbox 230 1226 372 1270; x_wconf 86' lang='lat' dir='ltr'><strong>recte,</strong></span> <span class='ocrx_word' id='word_1_120' title='bbox 418 1233 551 1274; x_wconf 87' lang='lat' dir='ltr'><strong>quum</strong></span> <span class='ocrx_word' id='word_1_121' title='bbox 593 1222 634 1256; x_wconf 89' lang='lat' dir='ltr'><strong>et</strong></span> <span class='ocrx_word' id='word_1_122' title='bbox 665 1214 929 1256; x_wconf 83' lang='lat' dir='ltr'><strong>constructio</strong></span> <span class='ocrx_word' id='word_1_123' title='bbox 960 1215 1208 1272; x_wconf 81' lang='lat' dir='ltr'><strong>impeditior</strong></span> <span class='ocrx_word' id='word_1_124' title='bbox 1240 1217 1295 1257; x_wconf 88' lang='lat' dir='ltr'><strong>sit</strong></span> <span class='ocrx_word' id='word_1_125' title='bbox 1325 1222 1366 1256; x_wconf 87' lang='lat' dir='ltr'><strong>et</strong></span> <span class='ocrx_word' id='word_1_126' title='bbox 1396 1216 1440 1256; x_wconf 92' lang='lat' dir='ltr'><strong>in</strong></span> <span class='ocrx_word' id='word_1_127' title='bbox 1470 1214 1682 1273; x_wconf 83' lang='lat' dir='ltr'><strong>proximis</strong></span> 
     </span>
     <span class='ocr_line' id='line_1_16' title="bbox 229 1282 1682 1343; baseline -0.004 -15"><span class='ocrx_word' id='word_1_128' title='bbox 229 1288 421 1343; x_wconf 78' lang='lat' dir='ltr'><strong>legatur:</strong></span> <span class='ocrx_word' id='word_1_129' title='bbox 472 1286 515 1324; x_wconf 76' lang='lat' dir='ltr'><strong>al</strong></span> <span class='ocrx_word' id='word_1_130' title='bbox 544 1286 585 1323; x_wconf 67' lang='grc' dir='ltr'><strong>δὲ</strong></span> <span class='ocrx_word' id='word_1_131' title='bbox 616 1282 666 1334; x_wconf 60' lang='grc' dir='ltr'><strong>μὴ</strong></span> <span class='ocrx_word' id='word_1_132' title='bbox 697 1285 940 1337; x_wconf 59' lang='grc' dir='ltr'><em>παρίσχομεν</em></span> <span class='ocrx_word' id='word_1_133' title='bbox 970 1310 1023 1314; x_wconf 84' lang='lat'><strong>-—</strong></span> <span class='ocrx_word' id='word_1_134' title='bbox 1067 1282 1365 1323; x_wconf 60' lang='grc' dir='ltr'>ἁποῑεισάινῑων</span> <span class='ocrx_word' id='word_1_135' title='bbox 1395 1309 1445 1313; x_wconf 63' lang='grc'><strong>-«</strong></span> <span class='ocrx_word' id='word_1_136' title='bbox 1487 1285 1536 1334; x_wconf 79' lang='grc' dir='ltr'><strong>τᾷ</strong></span> <span class='ocrx_word' id='word_1_137' title='bbox 1565 1298 1682 1333; x_wconf 66' lang='lat' dir='ltr'><strong>npet-</strong></span> 
     </span>
     <span class='ocr_line' id='line_1_17' title="bbox 229 1351 1682 1408; baseline -0.003 -13"><span class='ocrx_word' id='word_1_138' title='bbox 229 1358 315 1408; x_wconf 74' lang='grc' dir='ltr'><strong>γείᾳ</strong></span> <span class='ocrx_word' id='word_1_139' title='bbox 350 1355 554 1406; x_wconf 76' lang='grc' dir='ltr'><strong>στατῆρας</strong></span> <span class='ocrx_word' id='word_1_140' title='bbox 586 1353 703 1400; x_wconf 66' lang='grc' dir='ltr'>δέκα,</span> <span class='ocrx_word' id='word_1_141' title='bbox 739 1351 852 1391; x_wconf 87' lang='lat' dir='ltr'><strong>unde</strong></span> <span class='ocrx_word' id='word_1_142' title='bbox 882 1359 1080 1408; x_wconf 83' lang='lat' dir='ltr'><strong>apparet,</strong></span> <span class='ocrx_word' id='word_1_143' title='bbox 1112 1351 1302 1404; x_wconf 62' lang='grc' dir='ltr'><strong>πρειγὴΐα</strong></span> <span class='ocrx_word' id='word_1_144' title='bbox 1335 1366 1429 1392; x_wconf 86' lang='lat' dir='ltr'><strong>esse</strong></span> <span class='ocrx_word' id='word_1_145' title='bbox 1459 1366 1536 1408; x_wconf 87' lang='lat' dir='ltr'><strong>pro</strong></span> <span class='ocrx_word' id='word_1_146' title='bbox 1567 1352 1682 1406; x_wconf 67' lang='grc' dir='ltr'><em>πρεί-</em></span> 
     </span>
     <span class='ocr_line' id='line_1_18' title="bbox 230 1417 1682 1477; baseline -0.001 -15"><span class='ocrx_word' id='word_1_147' title='bbox 230 1439 342 1476; x_wconf 14' lang='grc' dir='ltr'><strong>γειαλ,</strong></span> <span class='ocrx_word' id='word_1_148' title='bbox 377 1421 598 1473; x_wconf 61' lang='grc' dir='ltr'><strong>πρέσβεως</strong></span> <span class='ocrx_word' id='word_1_149' title='bbox 644 1428 857 1477; x_wconf 87' lang='lat' dir='ltr'><strong>postremo</strong></span> <span class='ocrx_word' id='word_1_150' title='bbox 888 1420 917 1460; x_wconf 94' lang='grc'><strong>1.</strong></span> <span class='ocrx_word' id='word_1_151' title='bbox 943 1420 997 1462; x_wconf 87' lang='grc'><strong>39</strong></span> <span class='ocrx_word' id='word_1_152' title='bbox 1030 1418 1302 1473; x_wconf 35' lang='grc' dir='ltr'><em>ἀνδρήὶὀνυ.</em></span> <span class='ocrx_word' id='word_1_153' title='bbox 1363 1418 1547 1459; x_wconf 81' lang='lat' dir='ltr'><strong>Accedit</strong></span> <span class='ocrx_word' id='word_1_154' title='bbox 1579 1417 1682 1460; x_wconf 85' lang='lat' dir='ltr'><strong>Cre·</strong></span> 
     </span>
     <span class='ocr_line' id='line_1_19' title="bbox 230 1486 1678 1544; baseline -0.003 -13"><span class='ocrx_word' id='word_1_155' title='bbox 230 1490 360 1531; x_wconf 82' lang='lat' dir='ltr'><strong>ticum</strong></span> <span class='ocrx_word' id='word_1_156' title='bbox 408 1488 592 1537; x_wconf 72' lang='grc' dir='ltr'>θιὴΐον</span> <span class='ocrx_word' id='word_1_157' title='bbox 633 1488 743 1544; x_wconf 90' lang='lat' dir='ltr'><strong>apud</strong></span> <span class='ocrx_word' id='word_1_158' title='bbox 775 1487 1044 1544; x_wconf 71' lang='lat' dir='ltr'><strong>Hesychium</strong></span> <span class='ocrx_word' id='word_1_159' title='bbox 1083 1502 1161 1544; x_wconf 87' lang='lat' dir='ltr'><strong>pro</strong></span> <span class='ocrx_word' id='word_1_160' title='bbox 1199 1488 1338 1535; x_wconf 55' lang='grc' dir='ltr'><strong>θιιῖοιι,</strong></span> <span class='ocrx_word' id='word_1_161' title='bbox 1384 1487 1540 1534; x_wconf 69' lang='grc' dir='ltr'><em>θεεΐον,</em></span> <span class='ocrx_word' id='word_1_162' title='bbox 1590 1486 1678 1527; x_wconf 84' lang='lat' dir='ltr'><strong>vid.</strong></span> 
     </span>
     <span class='ocr_line' id='line_1_20' title="bbox 230 1554 1682 1611; baseline -0.003 -12"><span class='ocrx_word' id='word_1_163' title='bbox 230 1559 272 1611; x_wconf 64' lang='grc' dir='ltr'><strong>ξ.</strong></span> <span class='ocrx_word' id='word_1_164' title='bbox 311 1557 377 1609; x_wconf 87' lang='lat'><strong>17,</strong></span> <span class='ocrx_word' id='word_1_165' title='bbox 409 1557 450 1598; x_wconf 77' lang='lat'><strong>2.</strong></span> <span class='ocrx_word' id='word_1_166' title='bbox 512 1555 764 1596; x_wconf 76' lang='lat' dir='ltr'><strong>Laconibus</strong></span> <span class='ocrx_word' id='word_1_167' title='bbox 796 1554 1002 1596; x_wconf 82' lang='lat' dir='ltr'><strong>tribuitur</strong></span> <span class='ocrx_word' id='word_1_168' title='bbox 1030 1555 1220 1605; x_wconf 67' lang='grc' dir='ltr'><strong>τοπὴῑά</strong></span> <span class='ocrx_word' id='word_1_169' title='bbox 1252 1555 1278 1595; x_wconf 89' lang='grc'><strong>1.</strong></span> <span class='ocrx_word' id='word_1_170' title='bbox 1310 1571 1347 1595; x_wconf 90' lang='lat' dir='ltr'><strong>e.</strong></span> <span class='ocrx_word' id='word_1_171' title='bbox 1380 1557 1544 1603; x_wconf 64' lang='lat' dir='ltr'><strong>zomfa,</strong></span> <span class='ocrx_word' id='word_1_172' title='bbox 1578 1554 1682 1594; x_wconf 81' lang='grc' dir='ltr'><em>ὅπλα</em></span> 
     </span>
     <span class='ocr_line' id='line_1_21' title="bbox 231 1622 1683 1679; baseline -0.003 -13"><span class='ocrx_word' id='word_1_173' title='bbox 231 1625 329 1673; x_wconf 68' lang='grc' dir='ltr'><strong>νεώς</strong></span> <span class='ocrx_word' id='word_1_174' title='bbox 359 1642 380 1666; x_wconf 88' lang='lat' dir='ltr'><strong>a</strong></span> <span class='ocrx_word' id='word_1_175' title='bbox 414 1624 579 1666; x_wconf 86' lang='lat' dir='ltr'><strong>Seholl.</strong></span> <span class='ocrx_word' id='word_1_176' title='bbox 605 1622 858 1664; x_wconf 83' lang='lat' dir='ltr'><strong>Callimaeh.</strong></span> <span class='ocrx_word' id='word_1_177' title='bbox 894 1622 938 1663; x_wconf 92' lang='lat' dir='ltr'><strong>in</strong></span> <span class='ocrx_word' id='word_1_178' title='bbox 962 1622 1061 1664; x_wconf 81' lang='lat' dir='ltr'><strong>Del.</strong></span> <span class='ocrx_word' id='word_1_179' title='bbox 1087 1623 1181 1664; x_wconf 68' lang='lat'>3¹15.</span> <span class='ocrx_word' id='word_1_180' title='bbox 1244 1623 1293 1663; x_wconf 90' lang='lat' dir='ltr'><strong>In</strong></span> <span class='ocrx_word' id='word_1_181' title='bbox 1315 1622 1683 1679; x_wconf 65' lang='lat' dir='ltr'><strong>Amphictyonum</strong></span> 
     </span>
     <span class='ocr_line' id='line_1_22' title="bbox 231 1689 1682 1747; baseline -0.001 -13"><span class='ocrx_word' id='word_1_182' title='bbox 231 1695 402 1736; x_wconf 88' lang='lat' dir='ltr'><strong>decreto</strong></span> <span class='ocrx_word' id='word_1_183' title='bbox 433 1709 497 1733; x_wconf 89' lang='lat' dir='ltr'><strong>nr.</strong></span> <span class='ocrx_word' id='word_1_184' title='bbox 533 1691 657 1744; x_wconf 79' lang='grc'><strong>1688,</strong></span> <span class='ocrx_word' id='word_1_185' title='bbox 686 1692 736 1732; x_wconf 83' lang='grc'><strong>14</strong></span> <span class='ocrx_word' id='word_1_186' title='bbox 766 1698 829 1731; x_wconf 88' lang='lat' dir='ltr'><strong>est</strong></span> <span class='ocrx_word' id='word_1_187' title='bbox 859 1690 976 1741; x_wconf 69' lang='grc' dir='ltr'><strong>ἱερή</strong></span> <span class='ocrx_word' id='word_1_188' title='bbox 995 1694 1057 1730; x_wconf 75' lang='grc' dir='ltr'><strong>ἱά.</strong></span> <span class='ocrx_word' id='word_1_189' title='bbox 1122 1690 1280 1731; x_wconf 81' lang='lat' dir='ltr'><strong>Contra</strong></span> <span class='ocrx_word' id='word_1_190' title='bbox 1314 1690 1356 1730; x_wconf 86' lang='lat' dir='ltr'><strong>in</strong></span> <span class='ocrx_word' id='word_1_191' title='bbox 1388 1689 1547 1747; x_wconf 81' lang='lat' dir='ltr'><strong>Delph.</strong></span> <span class='ocrx_word' id='word_1_192' title='bbox 1576 1689 1682 1732; x_wconf 79' lang='grc'><strong>1705</strong></span> 
     </span>
     <span class='ocr_line' id='line_1_23' title="bbox 230 1757 1682 1803; baseline -0.003 0"><span class='ocrx_word' id='word_1_193' title='bbox 230 1779 316 1803; x_wconf 85' lang='grc'><strong>11011</strong></span> <span class='ocrx_word' id='word_1_194' title='bbox 357 1761 573 1802; x_wconf 85' lang='lat' dir='ltr'><strong>credimus</strong></span> <span class='ocrx_word' id='word_1_195' title='bbox 617 1758 880 1800; x_wconf 75' lang='lat' dir='ltr'><strong>Boeckhium</strong></span> <span class='ocrx_word' id='word_1_196' title='bbox 922 1774 1017 1799; x_wconf 84' lang='lat' dir='ltr'><strong>cum</strong></span> <span class='ocrx_word' id='word_1_197' title='bbox 1061 1758 1304 1799; x_wconf 84' lang='lat' dir='ltr'><strong>Chandlcro</strong></span> <span class='ocrx_word' id='word_1_198' title='bbox 1357 1765 1469 1799; x_wconf 90' lang='lat' dir='ltr'><strong>recte</strong></span> <span class='ocrx_word' id='word_1_199' title='bbox 1512 1757 1682 1798; x_wconf 84' lang='lat' dir='ltr'><strong>dedisse</strong></span> 
     </span>
     <span class='ocr_line' id='line_1_24' title="bbox 228 1826 1680 1879; baseline -0.004 -8"><span class='ocrx_word' id='word_1_200' title='bbox 228 1830 500 1879; x_wconf 48' lang='grc' dir='ltr'><strong>Ἀπελληὶόιῃ</strong></span> <span class='ocrx_word' id='word_1_201' title='bbox 534 1828 606 1868; x_wconf 87' lang='lat' dir='ltr'><strong>sed</strong></span> <span class='ocrx_word' id='word_1_202' title='bbox 640 1843 662 1868; x_wconf 89' lang='lat' dir='ltr'><strong>e</strong></span> <span class='ocrx_word' id='word_1_203' title='bbox 692 1826 950 1867; x_wconf 80' lang='lat' dir='ltr'><strong>Fauveliana</strong></span> <span class='ocrx_word' id='word_1_204' title='bbox 980 1826 1165 1867; x_wconf 91' lang='lat' dir='ltr'><strong>lectione</strong></span> <span class='ocrx_word' id='word_1_205' title='bbox 1196 1826 1439 1879; x_wconf 60' lang='grc' dir='ltr'><strong>Ἀπελλριου</strong></span> <span class='ocrx_word' id='word_1_206' title='bbox 1471 1826 1680 1866; x_wconf 85' lang='lat' dir='ltr'><strong>malumus</strong></span> 
     </span>
     <span class='ocr_line' id='line_1_25' title="bbox 231 1893 1681 1951; baseline -0.003 -14"><span class='ocrx_word' id='word_1_207' title='bbox 231 1897 476 1937; x_wconf 75' lang='grc' dir='ltr'><em>Ἀπελλαίου</em></span> <span class='ocrx_word' id='word_1_208' title='bbox 525 1895 780 1946; x_wconf 86' lang='lat' dir='ltr'><strong>restituere,</strong></span> <span class='ocrx_word' id='word_1_209' title='bbox 843 1910 949 1951; x_wconf 83' lang='lat' dir='ltr'><strong>quac</strong></span> <span class='ocrx_word' id='word_1_210' title='bbox 994 1902 1057 1934; x_wconf 87' lang='lat' dir='ltr'><strong>est</strong></span> <span class='ocrx_word' id='word_1_211' title='bbox 1101 1894 1195 1948; x_wconf 79' lang='lat' dir='ltr'><strong>ejus</strong></span> <span class='ocrx_word' id='word_1_212' title='bbox 1244 1893 1406 1934; x_wconf 78' lang='lat' dir='ltr'><strong>mensis</strong></span> <span class='ocrx_word' id='word_1_213' title='bbox 1450 1893 1681 1949; x_wconf 81' lang='lat' dir='ltr'><strong>appellatio</strong></span> 
     </span>
     <span class='ocr_line' id='line_1_26' title="bbox 230 1960 1680 2021; baseline -0.003 -16"><span class='ocrx_word' id='word_1_214' title='bbox 230 1965 342 2021; x_wconf 85' lang='lat' dir='ltr'><strong>apud</strong></span> <span class='ocrx_word' id='word_1_215' title='bbox 374 1963 634 2004; x_wconf 82' lang='lat' dir='ltr'><strong>Macedones</strong></span> <span class='ocrx_word' id='word_1_216' title='bbox 667 1970 707 2003; x_wconf 93' lang='lat' dir='ltr'><strong>et</strong></span> <span class='ocrx_word' id='word_1_217' title='bbox 739 1962 781 2001; x_wconf 90' lang='lat' dir='ltr'><strong>in</strong></span> <span class='ocrx_word' id='word_1_218' title='bbox 814 1961 972 2001; x_wconf 77' lang='lat' dir='ltr'><strong>tabulis</strong></span> <span class='ocrx_word' id='word_1_219' title='bbox 1004 1960 1382 2001; x_wconf 45' lang='lat' dir='ltr'><strong>Herm-{censibus</strong></span> <span class='ocrx_word' id='word_1_220' title='bbox 1456 1960 1680 2001; x_wconf 77' lang='lat' dir='ltr'><strong>Postremo</strong></span> 
     </span>
     <span class='ocr_line' id='line_1_27' title="bbox 232 2027 1677 2080; baseline -0.002 -9"><span class='ocrx_word' id='word_1_221' title='bbox 232 2031 563 2072; x_wconf 70' lang='lat' dir='ltr'><strong>(jhm-roboscus</strong></span> <span class='ocrx_word' id='word_1_222' title='bbox 591 2030 708 2069; x_wconf 80' lang='lat' dir='ltr'><strong>Ann.</strong></span> <span class='ocrx_word' id='word_1_223' title='bbox 745 2028 858 2068; x_wconf 81' lang='lat' dir='ltr'>Oxx.</span> <span class='ocrx_word' id='word_1_224' title='bbox 894 2029 960 2080; x_wconf 81' lang='lat' dir='ltr'><strong>li,</strong></span> <span class='ocrx_word' id='word_1_225' title='bbox 993 2029 1100 2076; x_wconf 73' lang='grc'><strong>244,</strong></span> <span class='ocrx_word' id='word_1_226' title='bbox 1135 2028 1188 2068; x_wconf 72' lang='lat'><strong>⁸28</strong></span> <span class='ocrx_word' id='word_1_227' title='bbox 1230 2027 1440 2076; x_wconf 64' lang='grc' dir='ltr'><strong>υἰκήΐος</strong></span> <span class='ocrx_word' id='word_1_228' title='bbox 1470 2027 1677 2068; x_wconf 79' lang='lat' dir='ltr'><strong>Doricum</strong></span> 
     </span>
     <span class='ocr_line' id='line_1_28' title="bbox 228 2098 760 2154; baseline -0.009 -13"><span class='ocrx_word' id='word_1_229' title='bbox 228 2115 323 2141; x_wconf 80' lang='lat' dir='ltr'><strong>esse</strong></span> <span class='ocrx_word' id='word_1_230' title='bbox 356 2098 458 2139; x_wconf 90' lang='lat' dir='ltr'><strong>dicit</strong></span> <span class='ocrx_word' id='word_1_231' title='bbox 487 2114 564 2154; x_wconf 89' lang='lat' dir='ltr'><strong>pro</strong></span> <span class='ocrx_word' id='word_1_232' title='bbox 599 2098 760 2143; x_wconf 66' lang='grc' dir='ltr'><strong>οἰκεῖος.</strong></span> 
     </span>
    </p>

    <p class='ocr_par' dir='ltr' id='par_1_4' title="bbox 228 2162 1679 2832">
     <span class='ocr_line' id='line_1_29' title="bbox 344 2162 1679 2222; baseline -0.002 -15"><span class='ocrx_word' id='word_1_233' title='bbox 344 2167 391 2207; x_wconf 93' lang='lat' dir='ltr'><strong>In</strong></span> <span class='ocrx_word' id='word_1_234' title='bbox 437 2165 616 2222; x_wconf 77' lang='lat' dir='ltr'><strong>reliquis</strong></span> <span class='ocrx_word' id='word_1_235' title='bbox 659 2163 904 2221; x_wconf 84' lang='lat' dir='ltr'><strong>purioribus</strong></span> <span class='ocrx_word' id='word_1_236' title='bbox 935 2162 1114 2203; x_wconf 81' lang='lat' dir='ltr'><strong>Doridis</strong></span> <span class='ocrx_word' id='word_1_237' title='bbox 1158 2162 1348 2202; x_wconf 70' lang='lat' dir='ltr'><strong>fontibus</strong></span> <span class='ocrx_word' id='word_1_238' title='bbox 1384 2163 1549 2203; x_wconf 79' lang='lat' dir='ltr'><strong>nullum</strong></span> <span class='ocrx_word' id='word_1_239' title='bbox 1581 2164 1679 2205; x_wconf 77' lang='lat' dir='ltr'><strong>talis</strong></span> 
     </span>
     <span class='ocr_line' id='line_1_30' title="bbox 231 2230 1678 2288; baseline -0.003 -12"><span class='ocrx_word' id='word_1_240' title='bbox 231 2233 524 2276; x_wconf 83' lang='lat' dir='ltr'><strong>distractionis</strong></span> <span class='ocrx_word' id='word_1_241' title='bbox 556 2231 787 2287; x_wconf 78' lang='lat' dir='ltr'><strong>vestigium</strong></span> <span class='ocrx_word' id='word_1_242' title='bbox 821 2231 1056 2288; x_wconf 63' lang='lat' dir='ltr'><strong>repen-itura</strong></span> <span class='ocrx_word' id='word_1_243' title='bbox 1103 2230 1205 2270; x_wconf 72' lang='lat' dir='ltr'><strong>adeo</strong></span> <span class='ocrx_word' id='word_1_244' title='bbox 1246 2230 1288 2270; x_wconf 91' lang='lat' dir='ltr'><strong>in</strong></span> <span class='ocrx_word' id='word_1_245' title='bbox 1323 2230 1428 2288; x_wconf 80' lang='lat' dir='ltr'><strong>ipsis</strong></span> <span class='ocrx_word' id='word_1_246' title='bbox 1461 2231 1547 2272; x_wconf 81' lang='lat' dir='ltr'><strong>illis</strong></span> <span class='ocrx_word' id='word_1_247' title='bbox 1580 2232 1678 2272; x_wconf 81' lang='lat' dir='ltr'><strong>titu-</strong></span> 
     </span>
     <span class='ocr_line' id='line_1_31' title="bbox 230 2299 1675 2360; baseline -0.002 -17"><span class='ocrx_word' id='word_1_248' title='bbox 230 2303 312 2355; x_wconf 83' lang='lat' dir='ltr'><strong>lis,</strong></span> <span class='ocrx_word' id='word_1_249' title='bbox 347 2302 418 2360; x_wconf 84' lang='lat' dir='ltr'><strong>qui</strong></span> <span class='ocrx_word' id='word_1_250' title='bbox 451 2299 738 2356; x_wconf 79' lang='lat' dir='ltr'><strong>antiquiorem</strong></span> <span class='ocrx_word' id='word_1_251' title='bbox 771 2315 893 2339; x_wconf 83' lang='lat' dir='ltr'><strong>usum</strong></span> <span class='ocrx_word' id='word_1_252' title='bbox 927 2307 1175 2347; x_wconf 62' lang='lat' dir='ltr'><strong>servarunt,</strong></span> <span class='ocrx_word' id='word_1_253' title='bbox 1218 2307 1362 2339; x_wconf 77' lang='lat' dir='ltr'><strong>contra</strong></span> <span class='ocrx_word' id='word_1_254' title='bbox 1394 2299 1675 2340; x_wconf 79' lang='lat' dir='ltr'><strong>constantiani</strong></span> 
     </span>
     <span class='ocr_line' id='line_1_32' title="bbox 232 2366 1679 2428; baseline -0.003 -16"><span class='ocrx_word' id='word_1_255' title='bbox 232 2377 444 2428; x_wconf 84' lang='lat' dir='ltr'><strong>peccatur.</strong></span> <span class='ocrx_word' id='word_1_256' title='bbox 500 2367 606 2409; x_wconf 77' lang='lat' dir='ltr'><strong>Nam</strong></span> <span class='ocrx_word' id='word_1_257' title='bbox 639 2367 681 2407; x_wconf 92' lang='lat' dir='ltr'><strong>in</strong></span> <span class='ocrx_word' id='word_1_258' title='bbox 705 2366 821 2407; x_wconf 84' lang='lat' dir='ltr'><strong>Cret.</strong></span> <span class='ocrx_word' id='word_1_259' title='bbox 846 2366 956 2408; x_wconf 70' lang='grc'><strong>2556</strong></span> <span class='ocrx_word' id='word_1_260' title='bbox 987 2382 1070 2406; x_wconf 92' lang='lat' dir='ltr'><strong>non</strong></span> <span class='ocrx_word' id='word_1_261' title='bbox 1105 2367 1242 2406; x_wconf 72' lang='lat' dir='ltr'><strong>solnm</strong></span> <span class='ocrx_word' id='word_1_262' title='bbox 1276 2366 1464 2420; x_wconf 56' lang='lat' dir='ltr'><strong>nystflji&#39;a</strong></span> <span class='ocrx_word' id='word_1_263' title='bbox 1497 2375 1535 2408; x_wconf 91' lang='lat' dir='ltr'><strong>ct</strong></span> <span class='ocrx_word' id='word_1_264' title='bbox 1567 2370 1679 2421; x_wconf 63' lang='grc' dir='ltr'><strong><em>πρεί-</em></strong></span> 
     </span>
     <span class='ocr_line' id='line_1_33' title="bbox 229 2433 1678 2491; baseline -0.001 -13"><span class='ocrx_word' id='word_1_265' title='bbox 229 2455 341 2491; x_wconf 56' lang='lat' dir='ltr'><strong>yma,</strong></span> <span class='ocrx_word' id='word_1_266' title='bbox 386 2444 431 2478; x_wconf 88' lang='lat' dir='ltr'><strong>nt</strong></span> <span class='ocrx_word' id='word_1_267' title='bbox 460 2436 667 2484; x_wconf 77' lang='lat' dir='ltr'><strong>vidimus,</strong></span> <span class='ocrx_word' id='word_1_268' title='bbox 710 2434 1008 2491; x_wconf 80' lang='lat' dir='ltr'><strong>reperiuntur,</strong></span> <span class='ocrx_word' id='word_1_269' title='bbox 1049 2434 1122 2474; x_wconf 85' lang='lat' dir='ltr'><strong>scd</strong></span> <span class='ocrx_word' id='word_1_270' title='bbox 1154 2433 1277 2474; x_wconf 82' lang='lat' dir='ltr'><strong>etiam</strong></span> <span class='ocrx_word' id='word_1_271' title='bbox 1308 2435 1404 2490; x_wconf 83' lang='lat' dir='ltr'><strong>plns</strong></span> <span class='ocrx_word' id='word_1_272' title='bbox 1439 2436 1570 2476; x_wconf 83' lang='lat' dir='ltr'><strong>semel</strong></span> <span class='ocrx_word' id='word_1_273' title='bbox 1605 2435 1678 2489; x_wconf 71' lang='grc' dir='ltr'><strong>ἀρ-</strong></span> 
     </span>
     <span class='ocr_line' id='line_1_34' title="bbox 228 2502 1676 2560; baseline -0.001 -14"><span class='ocrx_word' id='word_1_274' title='bbox 228 2507 351 2560; x_wconf 73' lang='grc' dir='ltr'><em>χεῖον.</em></span> <span class='ocrx_word' id='word_1_275' title='bbox 414 2503 611 2545; x_wconf 89' lang='lat' dir='ltr'><strong>Ceterum</strong></span> <span class='ocrx_word' id='word_1_276' title='bbox 655 2503 766 2543; x_wconf 89' lang='lat' dir='ltr'><strong>unde</strong></span> <span class='ocrx_word' id='word_1_277' title='bbox 807 2502 966 2542; x_wconf 80' lang='lat' dir='ltr'><strong>oriatur</strong></span> <span class='ocrx_word' id='word_1_278' title='bbox 1011 2521 1030 2550; x_wconf 71' lang='grc' dir='ltr'><strong>ι,-</strong></span> <span class='ocrx_word' id='word_1_279' title='bbox 1066 2502 1109 2542; x_wconf 88' lang='lat' dir='ltr'><strong>in</strong></span> <span class='ocrx_word' id='word_1_280' title='bbox 1143 2502 1231 2543; x_wconf 71' lang='lat' dir='ltr'><strong>illis</strong></span> <span class='ocrx_word' id='word_1_281' title='bbox 1264 2502 1410 2542; x_wconf 83' lang='lat' dir='ltr'><strong>formis</strong></span> <span class='ocrx_word' id='word_1_282' title='bbox 1441 2503 1676 2555; x_wconf 84' lang='lat' dir='ltr'><strong>distractis,</strong></span> 
     </span>
     <span class='ocr_line' id='line_1_35' title="bbox 230 2569 1674 2630; baseline -0.003 -15"><span class='ocrx_word' id='word_1_283' title='bbox 230 2575 386 2615; x_wconf 86' lang='lat' dir='ltr'><strong>melius</strong></span> <span class='ocrx_word' id='word_1_284' title='bbox 417 2580 670 2630; x_wconf 81' lang='lat' dir='ltr'><strong>quaeretur,</strong></span> <span class='ocrx_word' id='word_1_285' title='bbox 710 2586 840 2626; x_wconf 86' lang='lat' dir='ltr'><strong>quum</strong></span> <span class='ocrx_word' id='word_1_286' title='bbox 873 2570 924 2610; x_wconf 90' lang='lat' dir='ltr'><strong>de</strong></span> <span class='ocrx_word' id='word_1_287' title='bbox 957 2569 1137 2611; x_wconf 80' lang='lat' dir='ltr'><strong>dialecto</strong></span> <span class='ocrx_word' id='word_1_288' title='bbox 1166 2570 1311 2610; x_wconf 84' lang='lat' dir='ltr'><strong>lonica</strong></span> <span class='ocrx_word' id='word_1_289' title='bbox 1344 2569 1674 2627; x_wconf 81' lang='lat' dir='ltr'><strong>disputabimus.</strong></span> 
     </span>
     <span class='ocr_line' id='line_1_36' title="bbox 232 2637 1675 2699; baseline -0.003 -17"><span class='ocrx_word' id='word_1_290' title='bbox 232 2642 324 2683; x_wconf 83' lang='lat' dir='ltr'><strong>Hoc</strong></span> <span class='ocrx_word' id='word_1_291' title='bbox 354 2649 555 2699; x_wconf 81' lang='lat' dir='ltr'><strong>apparet,</strong></span> <span class='ocrx_word' id='word_1_292' title='bbox 602 2639 643 2679; x_wconf 92' lang='lat' dir='ltr'><strong>in</strong></span> <span class='ocrx_word' id='word_1_293' title='bbox 675 2637 875 2679; x_wconf 86' lang='lat' dir='ltr'><strong>omnibus</strong></span> <span class='ocrx_word' id='word_1_294' title='bbox 895 2669 906 2685; x_wconf 82' lang='lat'><strong>,</strong></span> <span class='ocrx_word' id='word_1_295' title='bbox 954 2653 1061 2693; x_wconf 86' lang='lat' dir='ltr'><strong>quae</strong></span> <span class='ocrx_word' id='word_1_296' title='bbox 1090 2638 1414 2693; x_wconf 70' lang='lat' dir='ltr'><strong>congessimus,</strong></span> <span class='ocrx_word' id='word_1_297' title='bbox 1468 2638 1675 2694; x_wconf 75' lang='lat' dir='ltr'><strong>exemplis</strong></span> 
     </span>
     <span class='ocr_line' id='line_1_37' title="bbox 231 2704 1675 2763; baseline -0.003 -14"><span class='ocrx_word' id='word_1_298' title='bbox 231 2709 313 2749; x_wconf 89' lang='lat' dir='ltr'><strong>iota</strong></span> <span class='ocrx_word' id='word_1_299' title='bbox 359 2708 409 2748; x_wconf 88' lang='lat' dir='ltr'><strong>ad</strong></span> <span class='ocrx_word' id='word_1_300' title='bbox 461 2706 800 2748; x_wconf 74' lang='lat' dir='ltr'><strong>terminationem</strong></span> <span class='ocrx_word' id='word_1_301' title='bbox 847 2705 1058 2762; x_wconf 84' lang='lat' dir='ltr'><strong>pertinere</strong></span> <span class='ocrx_word' id='word_1_302' title='bbox 1107 2722 1247 2763; x_wconf 75' lang='lat' dir='ltr'><strong>neque.</strong></span> <span class='ocrx_word' id='word_1_303' title='bbox 1300 2706 1350 2745; x_wconf 79' lang='lat' dir='ltr'><strong>ab</strong></span> <span class='ocrx_word' id='word_1_304' title='bbox 1397 2704 1565 2761; x_wconf 73' lang='lat' dir='ltr'><strong>origine</strong></span> <span class='ocrx_word' id='word_1_305' title='bbox 1616 2706 1675 2745; x_wconf 88' lang='lat' dir='ltr'><strong>di-</strong></span> 
     </span>
     <span class='ocr_line' id='line_1_38' title="bbox 231 2771 1673 2832; baseline -0.002 -16"><span class='ocrx_word' id='word_1_306' title='bbox 231 2777 472 2832; x_wconf 73' lang='lat' dir='ltr'><strong>phthongos</strong></span> <span class='ocrx_word' id='word_1_307' title='bbox 521 2775 670 2816; x_wconf 79' lang='lat' dir='ltr'><strong>fuisse.</strong></span> <span class='ocrx_word' id='word_1_308' title='bbox 745 2773 862 2814; x_wconf 89' lang='lat' dir='ltr'><strong>ldcm</strong></span> <span class='ocrx_word' id='word_1_309' title='bbox 898 2772 1096 2826; x_wconf 78' lang='lat' dir='ltr'><strong>judicare</strong></span> <span class='ocrx_word' id='word_1_310' title='bbox 1140 2780 1300 2829; x_wconf 82' lang='lat' dir='ltr'><strong>oportet</strong></span> <span class='ocrx_word' id='word_1_311' title='bbox 1347 2773 1398 2813; x_wconf 88' lang='lat' dir='ltr'><strong>de</strong></span> <span class='ocrx_word' id='word_1_312' title='bbox 1441 2771 1673 2826; x_wconf 67' lang='grc' dir='ltr'><strong>Ἀτρεΐδας,</strong></span> 
     </span>
    </p>
   </div>
  </div>
 </body>
</html>
